2436 3053
2148 114 2208 159 29

221 231 509 291 necessarium
547 243 640 276 esse
670 228 865 275 videatur
898 229 1092 287 quamvis
1131 229 1363 288 ingeniosis
1393 228 1480 275 illis
1509 228 1707 275 assentiri
1737 227 1910 289 Sauppii
1935 231 2205 286 coniecturis,

221 314 331 360 quae
376 312 511 358 usque
555 299 695 345 adhuc
725 299 972 357 plerumque
1011 300 1057 345 in
1095 298 1350 346 editionibus
1389 299 1553 357 positae
1591 299 1863 346 inveniuntur
1894 297 1922 359 ἢ
1957 303 2071 354 πῶς
2108 294 2207 346 οὔκ

220 366 285 415 ἂν
323 365 434 428 εἴπῃ
483 370 660 428 πρῶτον
689 367 781 427 Ῐμὲν
807 364 1010 413 ἐναντίον
1037 366 1335 412 πεντακοσίων
1364 365 1409 412 ἐν
1437 370 1492 428 τῇ
1519 368 1674 427 βουλῇ,
1717 362 1815 412 εἶτα
1843 364 1982 413 πάλιν
2011 366 2207 414 ἐναντίον

216 435 477 497 Ἀθηναίαν
508 435 717 497 ἁπάντων
756 436 802 482 ἐν
832 440 897 497 τῷ
934 434 1057 496 δήμῳ
1096 435 1384 496 ἀπογράψας.
1423 434 1514 488 τίς
1552 433 1617 479 ἂν
1646 434 1931 490 ,ἀποκτείνειε
1959 436 2036 481 καὶ
2065 434 2209 491 αἴτιος

221 505 391 566 γένοιτο
419 510 497 554 τοῦ
524 503 748 564 &mairom-
791 520 899 565 quae
929 505 1062 553 verba
1089 505 1221 553 etiam
1250 501 1299 553 eo
1328 505 1498 552 nomine
1527 504 1669 551 minus
1700 508 1801 565 apta
1830 506 2052 562 videntur,
2092 506 2206 566 quod

220 575 367 624 addita
402 578 646 636 spectarent
674 578 730 623 ad
759 577 933 623 caedem
962 577 1102 633 ipsam
1130 576 1271 634 potius
1300 589 1430 634 quam
1459 575 1513 620 ad
1539 575 1752 622 actionem
1778 576 2102 630 instituendam,
2145 577 2201 622 ad

221 660 350 708 quam
389 648 562 705 propter
599 647 897 693 antecedentia
935 646 1172 692 necessario
1212 646 1438 705 pertinent.
1515 645 1609 691 Nec
1640 646 1779 705 magis
1819 648 1919 704 apta
1953 648 2020 691 est
2059 659 2206 692 eorum

221 713 330 775 quae
373 718 606 774 sequuntur
648 716 949 770 conformatio,
995 728 1124 773 quum
1165 717 1432 773 exspectetur
1469 718 1544 761 aut
1581 712 1931 774 ἀπογράψαντος
1958 712 2089 759 αὐτοῦ
2119 719 2206 771 aut,

222 787 335 845 quod
362 787 680 843 Frohbergerus
711 787 828 831 recte
857 785 1009 839 sensit,
1046 783 1171 839 ὅστις
1199 811 1259 820 -
1291 781 1565 844 ἀπογράψας
1594 779 1882 830 ἀποκτείνειε.
1943 785 2135 843 Denique
2162 786 2207 832 in

220 867 273 902 oa
309 868 417 913 quae
446 858 543 901 tum
571 854 762 913 sequitur
793 854 1127 912 interrogatione
1163 852 1233 907 τίς
1259 851 1315 899 ἂν
1349 849 1625 899 ἀποκτείνειε
1654 854 1731 899 καὶ
1759 850 1903 907 αἴτιος
1929 852 2102 911 γένοιτο
2127 856 2207 899 τοῦ

219 922 444 978 θανάτους
495 936 669 970 necesse
708 927 821 970 esset
861 924 1087 970 adderetur
1129 921 1316 978 ἄλλος,
1361 936 1498 981 neque
1537 925 1654 969 recte
1689 915 1857 970 abesset
1892 922 2000 969 illud
2036 924 2081 968 in
2121 937 2205 982 quo

181 986 199 995 “
219 1007 435 1041 summum
472 994 586 1039 inest
617 995 882 1040 momentum
919 992 992 1037 ἐπ’
1026 988 1287 1052 αὐτοφώρῳ,
1334 1006 1465 1051 quum
1490 993 1708 1051 Agoratus
1746 994 1837 1052 ipse
1877 995 2004 1039 antea
2039 992 2204 1040 dicatur

219 1062 348 1108 fateri
377 1063 545 1120 culpam
575 1064 712 1117 necis,
743 1074 829 1108 non
855 1066 1002 1109 tamen
1030 1063 1147 1107 illius
1176 1061 1248 1106 ἐπ’
1280 1056 1523 1121 αὐτοφώρῳ
1551 1064 1842 1120 perpetratae,
1870 1064 1921 1107 ut
1950 1063 2020 1107 hic
2041 1075 2206 1121 quoque

218 1131 297 1177 illa
327 1132 466 1177 caedis
496 1134 718 1189 tamquam
735 1133 902 1186 forma,
947 1145 1033 1177 non
1064 1132 1215 1176 caedes
1244 1132 1360 1188 ipsa,
1401 1145 1529 1188 quam
1557 1132 1719 1177 fatetur
1750 1132 1988 1190 Agoratus,
2033 1132 2204 1178 omnino

169 1195 173 1198 ’
219 1200 549 1246 demonstranda
588 1201 718 1245 fuisse
759 1201 969 1247 videatur.
1028 1199 1146 1254 Quae
1185 1201 1223 1245 si
1260 1202 1374 1245 recte
1414 1200 1629 1259 disputata
1664 1203 1788 1255 sunt,
1829 1201 1964 1245 satius
1994 1201 2209 1247 videbitur

218 1272 428 1321 statuere,
462 1271 600 1314 totam
626 1283 734 1326 quae
761 1270 953 1326 sequitur
972 1270 1307 1314 enuntiationem
1327 1274 1504 1326 πρῶτον
1522 1296 1582 1304 —-
1602 1267 1801 1314 θανάτου
1821 1270 1990 1327 proprie
2009 1270 2054 1313 in
2075 1283 2209 1315 unum

219 1338 490 1385 coniunctam
529 1340 574 1384 et
608 1351 857 1396 suspensam
893 1339 1025 1385 fuisse
1055 1339 1109 1384 ab
1140 1338 1227 1384 illis
1257 1351 1363 1397 quae
1390 1339 1515 1384 hodie
1547 1341 1745 1398 corrupta
1773 1339 1977 1397 leguntur
2007 1339 2149 1385 verbis
2177 1335 2208 1399 ἢ

218 1405 333 1453 ὅπου
361 1405 416 1451 ἂν
442 1402 489 1467 ᾗ,
522 1420 628 1465 quae
647 1409 729 1453 fuit
755 1422 887 1465 quum
916 1409 1170 1454 conficerem
1198 1409 1357 1466 scripta
1385 1409 1516 1454 fuisse
1546 1404 1574 1468 ᾗ
1601 1405 1745 1468 ἦπου
1771 1406 1834 1451 ἂν
1866 1407 1890 1452 ὁ
1918 1411 2096 1466 πρῶτον
2125 1408 2207 1464 μὲν

218 1501 279 1513 -
298 1471 574 1520 ἀποκτείνειε
603 1477 694 1520 κτλ.
741 1476 824 1522 Sed
852 1479 1072 1522 intellecto
1102 1491 1188 1521 non
1218 1478 1324 1522 satis
1356 1478 1603 1535 simpliciter
1632 1478 1751 1523 illam
1786 1478 2120 1523 enuntiationem
2153 1479 2207 1523 ab

218 1546 388 1592 oratore
415 1545 644 1592 formatam
673 1558 765 1592 esse
793 1547 942 1593 malim
966 1547 1053 1593 iam
1072 1546 1256 1592 scribere
1288 1545 1350 1590 οὔ
1377 1543 1554 1605 δήπου
1582 1545 1644 1592 ἂν
1674 1543 1803 1605 ἷίλλῃ
1833 1549 2010 1605 πρῶτον
2039 1545 2120 1603 μὲν
2148 1573 2207 1582 -

217 1611 278 1659 ἐν.
311 1607 559 1673 Ἀθηναίων
605 1610 813 1659 ἁπάντων
864 1612 889 1659 ὃ
930 1611 1203 1675 ἀπογράψας
1248 1614 1371 1668 τινὰς
1420 1612 1695 1660 ἀποκτείνειε
1735 1614 1811 1659 καὶ
1854 1612 2000 1668 αἴτιος
2037 1615 2207 1673 γένοιτο

214 1684 305 1726 κτλ.
380 1684 491 1727 Tum
536 1684 741 1728 habemus
783 1687 897 1729 certe
939 1687 1052 1741 quod
1094 1687 1139 1728 et
1177 1685 1406 1742 requiritur
1443 1685 1497 1729 ad
1537 1698 1631 1729 eam
1670 1698 1777 1742 quae
1818 1684 1963 1730 addita
2001 1688 2069 1729 est
2100 1699 2203 1731 con-2

214 1751 447 1798 elusionem
477 1754 593 1797 recte
621 1754 880 1806 faciendam,
911 1756 955 1798 et
982 1768 1083 1798 vero
1116 1754 1246 1799 etiam
1271 1755 1470 1799 convenit
1488 1768 1763 1812 praegressae
1786 1768 1967 1811 quacum
1986 1755 2199 1801 artissime

213 1820 487 1868 coniunctum
522 1822 589 1866 est
622 1821 926 1868 enuntiationis
960 1822 1298 1869 conformationi.
1373 1822 1514 1879 Quam
1544 1834 1622 1882 ego
1655 1822 1901 1869 coniectura
1929 1822 2006 1869 illa
2032 1822 2200 1870 efficere

211 1892 359 1937 studui
391 1893 671 1944 sententiam,
701 1893 880 1937 eandem
908 1896 1078 1937 secutus
1109 1896 1176 1937 est
1202 1893 1421 1946 Reiskius,
1455 1907 1586 1950 quum
1613 1894 1820 1938 scriberet
1849 1890 1877 1951 ἢ
1907 1891 2023 1936 ὅπου
2050 1890 2105 1935 ἄν
2133 1910 2201 1946 τις

211 1961 378 2018 μᾶλλον
408 1955 676 2019 ἀνδροφόνος
715 1958 787 2005 ἐπ’
821 1956 1064 2021 αὐτοφώρῳ
1094 1955 1123 2022 ᾗ
1149 1962 1237 2019 (vel
1264 1958 1348 2021 εἴη)
1379 1959 1407 2020 ἢ
1432 1959 1540 2006 ὅταν
1571 1965 1765 2021 πρῶτον,
1808 1962 1853 2006 in
1885 1962 2035 2019 quibus
2061 1963 2204 2008 verbis

156 2055 160 2059 >
211 2033 382 2092 praeter
409 2030 658 2076 violentiam
690 2032 996 2077 emendationis
1025 2033 1156 2077 etiam
1175 2032 1282 2077 illud
1302 2029 1418 2076 ὅπου
1435 2032 1655 2078 offensioni
1676 2044 1768 2077 esse
1786 2032 1969 2077 debebat
1988 2032 2051 2077 sic
2071 2032 2201 2078 intel-

123 2144 129 2149 .
210 2101 394 2147 lectum:
430 2101 675 2158 „quomodo
706 2103 800 2158 quis
828 2103 967 2160 magis
997 2102 1211 2147 homicida
1230 2127 1289 2135 —
1308 2102 1517 2147 habeatur
1525 2104 1576 2146 ‘2³⁴‘
1611 2101 1733 2155 Quod
1752 2103 1962 2159 reliquum
1983 2105 2066 2157 est,
2094 2103 2201 2148 illud

211 2166 238 2215 ὁ
259 2167 529 2230 ἀπογράψας
556 2167 684 2214 τινά
698 2186 721 2223 ς
750 2172 820 2216 cui
848 2171 1101 2230 languidum
1126 2171 1337 2217 videbitur
1366 2174 1410 2216 et
1438 2172 1643 2225 otiosum,
1675 2195 1732 2203 -
1765 2174 1810 2216 et
1839 2174 1939 2216 sunt
1957 2172 2030 2228 qui
2056 2171 2201 2216 delen-

211 2239 316 2286 dum
353 2244 446 2285 esse
480 2242 702 2294 censeant,
751 2241 862 2298 quod
902 2242 1014 2286 infra
1048 2242 1208 2300 legitur
1245 2239 1315 2293 τίς
1344 2235 1419 2285 οὖν
1447 2239 1576 2293 ἄλλος
1605 2236 1747 2293 αἴτιος
1776 2238 1804 2299 ἢ
1831 2240 1885 2284 σὺ
1914 2234 2198 2299 ἀπογράψας,

212 2314 298 2357 non
327 2302 492 2355 adiecto
527 2309 768 2356 accusativo
800 2337 856 2343 -
887 2310 927 2356 ei
954 2311 1136 2357 fortasse
1164 2310 1302 2369 magis
1331 2310 1541 2368 placuerit
1567 2309 1697 2355 scribi
1733 2304 1809 2354 ἀπ
1822 2324 1916 2367 ογρ
1929 2308 2083 2368 άψας
2114 2327 2165 2355 τι
2178 2327 2200 2364 ς

211 2376 274 2423 ἓν
304 2375 690 2433 ἂποκτείνειε,
717 2404 773 2411 -
799 2393 904 2437 quae
924 2381 1055 2425 verba
1075 2383 1191 2426 certe
1212 2381 1264 2425 ob
1286 2381 1440 2437 duplex
1459 2381 1568 2425 illud
1588 2377 1640 2423 ἂν
1657 2380 1843 2437 positum
1864 2380 2086 2424 offensioni
2107 2393 2198 2424 esse

211 2461 298 2494 non
326 2448 566 2506 potuerint,
595 2462 725 2506 quum
750 2449 941 2506 pluribus
969 2447 1110 2496 verbis
1142 2450 1403 2508 interpositis
1428 2449 1639 2507 particula
1667 2449 1743 2494 illa
1770 2449 1823 2494 ab
1852 2462 1901 2494 eo
1933 2449 2061 2495 verbo
2092 2462 2197 2506 quo-

213 2530 310 2562 cum
340 2519 541 2577 coniungi
571 2518 696 2563 (lebet
723 2519 893 2577 longius
920 2519 1069 2565 avulsa
1100 2520 1174 2573 sit,
1207 2533 1330 2577 quam
1359 2522 1514 2565 utnon
1534 2521 1728 2565 videatur
1748 2519 2012 2563 concinnitas
2034 2519 2193 2562 oratio-

212 2586 279 2632 nis
309 2589 609 2645 repetitionem
638 2589 871 2647 requirere,
902 2589 955 2633 cf.
977 2588 1029 2634 G.
1050 2590 1281 2635 Hermann.
1304 2589 1355 2633 de
1376 2592 1485 2646 part.
1508 2586 1559 2633 ἷίν
1580 2604 1642 2648 cp.
1663 2589 1715 2633 V.
1737 2603 1777 2646 p.
1802 2594 1898 2633 188.
1917 2614 1972 2621 —
2003 2588 2196 2645 Denique
