2436 3053
1215 55 1244 64 x

160 127 219 173 12

308 241 536 286 Facillime
588 241 692 285 licet
744 241 876 285 etiam
925 241 999 285 alii
1046 253 1270 287 occurrere
1316 241 1410 287 loco
1460 243 1663 289 orationis
1713 243 1760 288 in
1809 244 1977 290 Philon.
2029 247 2068 303 5.
2098 254 2174 294 ’15-

156 326 198 371 1).
220 316 304 356 881
337 311 390 355 R.
415 306 736 355 Ὑπολείπεται
766 307 912 355 τοίνυν
941 302 1063 369 αὗτῷ
1088 308 1230 366 λέγειν
1256 307 1317 364 ὡς
1343 314 1408 370 τῷ
1435 309 1519 368 μὲν-
1541 307 1714 368 σώματι
1737 313 1794 358 δι’
1813 305 2052 360 ἀσθένειάν
2071 325 2189 361 τιναΙ

68 399 71 401 ’
156 380 391 440 γενομένην
418 377 632 432 ἀδύνατος
661 378 851 438 κατέστη
878 381 1105 439 βοηθῆσαι
1138 376 1202 432 εἷς
1231 378 1306 425 τὸν
1326 382 1540 439 Πειραιᾶ,
1570 376 1667 427 ἀπὸ
1698 381 1748 427 δὲ
1778 384 1867 427 τῶν
1886 380 2168 444 ὑπαρχόντων

159 446 536 512 ἐπαγγειλάμενος
571 442 704 501 αὐτὸς
738 445 767 507 ἢ
801 445 984 507 χρήματ’
1014 446 1277 505 εἰσενεγκεῖν
1315 447 1380 502 εἷς
1407 449 1460 494 τὸ
1490 450 1672 509 πλῆθος
1698 450 1751 496 τὸ
1786 449 1990 512 ὑμέτερον
2021 452 2048 513 ἢ
2077 456 2167 499 κτλ.

159 519 356 578 Apparet
384 533 472 565 non
503 518 674 564 omnino
702 520 819 564 recte
846 519 1075 576 procedere
1105 519 1466 575 enuntiationem,
1510 532 1641 578 quam
1664 520 1863 569 Reiskius
1891 536 2043 570 sanare
2073 527 2166 571 stu-

84 602 98 605 ·
158 589 255 635 duit
291 601 342 634 eo
381 589 494 647 quod
530 588 738 634 scriberet
768 584 1064 645 εἶσενέγκειεν,
1103 602 1237 646 quum
1268 590 1489 637 novissimi
1518 590 1670 649 Lysiae
1701 591 1907 648 editores,
1954 594 2164 653 imprimis

158 659 573 713 Bauchensteinius,
604 659 853 716 comparent
872 658 970 714 Lys.
992 672 1027 703 c.
1048 659 1182 717 Ager.
1204 660 1242 715 g.
1267 666 1315 714 9,
1342 659 1561 718 iannibus
1583 662 1744 716 verbis,
1777 665 1827 708 ut
1846 677 1993 721 saepe,
2023 664 2166 709 infini-

158 727 277 773 tivus
307 731 407 786 post
436 726 508 773 ὅτι
538 731 604 774 est
632 728 799 786 positus
832 726 886 772 cf.
907 727 1125 773 Foertsch.
1156 727 1280 773 Obss.
1303 730 1414 775 eritt
1447 744 1488 788 p.
1512 734 1579 776 78.
1640 730 1725 776 Sed
1754 733 1859 777 satis
1887 736 2010 790 patet
2038 735 2164 780 huius

156 796 244 842 loci
272 798 399 855 plane
432 799 560 842 aliam
591 810 685 842 esse
711 797 946 850 rationem,
987 810 1123 855 neque
1154 798 1385 854 quidquam
1416 799 1533 844 aliud
1564 800 1764 846 relictum
1792 805 1928 855 esset,
1959 816 2088 860 quam
2116 806 2166 848 ut

156 880 236 925 pro
276 867 532 912 anacolutho
572 866 804 911 haberetur
844 867 1103 920 enuntiatio,
1150 867 1234 912 nisi
1265 867 1393 925 longe
1421 868 1588 914 facilior
1617 873 1731 916 esset
1761 884 1811 917 ea
1840 871 2033 927 medela,
2079 886 2163 930 qua

156 937 364 982 membris
408 937 495 982 alia
534 937 702 983 ratione
741 937 855 981 inter
884 949 929 981 se
960 936 1110 982 relatis
1140 939 1351 984 commate
1377 940 1476 995 post
1504 935 1788 997 ὑπαρχόντων
1818 942 1958 998 posito
1991 941 2165 988 additur

156 1008 303 1052 mente
332 1007 511 1053 verbum
544 1007 583 1051 ei
613 1007 696 1064 ipsi
726 1006 840 1063 quod
859 1007 1093 1063 praecessit
1115 999 1325 1060 ἀδύνατος
1345 1004 1532 1067 κατέστη
1553 1008 1866 1066 significatione
1888 1012 2163 1067 contrarium,

157 1077 284 1132 quale
318 1077 491 1134 quidem
522 1079 566 1121 et
597 1076 711 1134 apud
744 1075 932 1121 Graecos
965 1078 1010 1119 et
1039 1077 1153 1134 apud
1179 1077 1397 1122 Romanos
1427 1078 1673 1136 saepissime
1705 1079 2036 1138 intelligendum
2067 1095 2159 1126 esse

157 1147 338 1191 constat
401 1146 473 1192 Sic
502 1147 585 1191 hoc
614 1146 710 1191 loco
739 1145 997 1190 audiendum
1029 1146 1112 1190 erit
1138 1139 1233 1189 ἀπὸ
1264 1145 1313 1190 δὲ
1342 1148 1430 1189 τιῢν
1458 1144 1743 1203 ὑπαρχόντων
1770 1147 1953 1201 δυνατὸς
1975 1147 2164 1208 κατέστη

155 1213 231 1258 καὶ
263 1210 534 1274 ἐβοήθησεν,
589 1216 639 1259 ut
669 1211 1039 1270 ἐπαγγειλάμενος
1067 1227 1173 1268 non,
1211 1217 1261 1259 ut
1291 1216 1464 1269 volunt,
1505 1215 1558 1260 ad
1590 1213 1880 1260 ὑπολείπεται
1917 1215 2056 1275 λέγειν
2088 1217 2162 1263 sed

157 1284 213 1329 ad
243 1286 325 1329 hoc
357 1285 497 1341 ipsum
531 1282 719 1342 κατέστη
750 1283 1019 1330 referendum
1054 1298 1146 1329 esse
1178 1286 1387 1330 videatur.

307 1422 450 1468 Multo
482 1419 696 1465 difficilior
729 1423 796 1465 est
824 1420 1012 1466 eiusdem
1047 1421 1251 1467 orationis
1283 1424 1432 1467 contra
1453 1422 1677 1467 Philonem
1704 1423 1877 1468 habitae
1898 1424 2009 1470 alius
2028 1426 2161 1471 locus·

155 1493 381 1551 Leguntur
420 1491 534 1536 enim
565 1491 603 1547 ἓ.
628 1495 683 1534 26
715 1505 756 1548 p.
780 1496 865 1536 886
897 1491 949 1535 R.
980 1492 1086 1536 haec
1126 1491 1280 1537 verba:
1327 1485 1454 1544 οὗτος
1485 1489 1534 1536 δὲ
1560 1492 1760 1551 προδοὺς
1795 1490 1896 1552 ὅλην
1923 1493 2001 1552 τὴν
2032 1493 2163 1539 πόλιν

154 1561 233 1617 οὐχ
264 1559 392 1614 ὅπως
420 1555 777 1618 τιμωρηθήσεται
792 1594 802 1605 .
815 1595 825 1605 .
838 1595 847 1605 .
861 1558 1249 1619 παρασκευάζεται.
1301 1558 1466 1605 Καίτοι
1487 1559 1672 1614 δικαίως
1691 1562 1728 1620 γ’
1749 1559 1801 1607 ἃν
1822 1559 1948 1615 ὅστις
1968 1565 2164 1623 φανερῶς

155 1628 310 1690 ὥσπερ
339 1624 468 1682 οὗτος
495 1624 727 1687 προῗδωκε
747 1628 826 1688 τὴν
854 1625 1129 1686 ἐλευθερίαν,
1158 1626 1209 1674 οὗ
1242 1629 1343 1688 περὶ
1375 1632 1453 1674 τοῦ
1472 1627 1689 1687 βουλεύειν
1709 1625 1820 1676 ἀλλὰ
1840 1629 1946 1691 περὶ
1969 1636 2047 1678 τοῦ
2067 1633 2162 1678 δου-

153 1698 296 1745 λεύειν
336 1697 409 1743 καὶ
448 1701 526 1757 τῆς
554 1693 763 1757 μεγίστης
792 1692 987 1756 ἀπορίας
1018 1696 1354 1757 ἐκκλησιάζοιτο.
1415 1699 1486 1746 Sic
1522 1701 1694 1758 scripsit
1720 1702 1941 1748 Bekkerus
1973 1704 2162 1750 codicem

87 1770 89 1773 ⁴
156 1771 283 1816 Laur.
320 1770 514 1822 secutae,
559 1780 691 1824 quum
729 1769 774 1812 in
807 1768 1008 1814 Palatino
1047 1768 1257 1827 scriptum
1298 1770 1356 1814 sit
1393 1768 1741 1829 ἐκκλησιάζεται,
1782 1772 1895 1829 quod
1935 1785 2037 1817 sane
2077 1786 2163 1817 nen

155 1840 297 1900 magis
325 1840 471 1898 potest
499 1836 607 1883 ferri
639 1850 768 1896 quam
796 1837 909 1896 quod
939 1836 1220 1885 Marklandus
1248 1839 1386 1886 voluit
1419 1835 1736 1899 ἕκκλησιάζετο.
1784 1840 1870 1887 Sed
1897 1852 2027 1899 quum
2047 1842 2163 1889 viro—

156 1923 256 1957 rum
285 1910 514 1955 doctorum
549 1922 679 1967 opera
709 1911 755 1955 et
783 1909 1020 1968 sagacitate
1050 1909 1180 1965 hodie
1204 1911 1396 1964 constet,
1443 1910 1632 1955 codicem
1661 1910 1786 1955 illum
1814 1911 2162 1966 Laurentinum,

155 1982 208 2028 ut
258 1979 409 2027 multis
448 1979 558 2025 locis
598 1979 861 2025 correctione
898 1980 1178 2038 depravatum
1213 1982 1290 2025 aut
1328 1980 1443 2025 certe
1479 1980 1717 2034 mutatum,
1776 1978 1914 2026 codici
1949 1980 2160 2036 Palatino,

155 2050 423 2109 reliquorum
475 2048 670 2096 omnium
706 2050 924 2096 communi
962 2048 1093 2108 fonti,
1149 2049 1327 2096 minime
1368 2061 1461 2095 esse
1502 2048 1849 2108 praeferendum,
1905 2051 2163 2109 recentiores

155 2120 343 2165 editores
383 2119 643 2177 scripturam
680 2118 802 2164 illam
829 2120 1047 2178 aspernati
1075 2119 1273 2177 graviore
1304 2119 1410 2164 vitio
1437 2120 1544 2164 haec
1573 2120 1703 2164 verba
1727 2120 1886 2165 infecta
1917 2132 2009 2179 esse
2034 2123 2162 2177 puta-

154 2193 323 2236 verunt.
385 2190 456 2235 Ita
484 2189 869 2234 Bauchensteinius
908 2188 1053 2246 posuit
1089 2189 1201 2247 quod
1241 2189 1439 2235 Reiskius
1475 2190 1564 2235 iam
1602 2189 1812 2246 postulari
1848 2190 2014 2235 dixerat
2043 2182 2161 2246 ἄγω-

154 2256 343 2314 νίζοιτο,
392 2258 627 2317 eodemque
668 2259 885 2305 sententia
922 2257 1149 2305 inclinavit
1177 2257 1363 2305 Scheibii
1376 2293 1386 2313 ‚
1433 2260 1507 2317 qui
1546 2271 1806 2318 quamquam
1835 2255 2161 2318 ἒκκλησιάζοιτε

155 2330 338 2387 recepit,
379 2329 702 2375 Westermanni
732 2330 777 2374 et
802 2328 987 2387 Kayseri
1025 2328 1317 2375 coniecturam
1348 2354 1407 2362 —
1432 2331 1622 2389 spretam
1657 2329 1780 2375 illam
1822 2329 1992 2387 quidem
2035 2327 2106 2388 vel
2134 2340 2161 2372 a

155 2398 344 2452 Cobeto,
387 2399 460 2456 qui
486 2395 716 2452 δίκαιος
741 2397 779 2455 γ’
809 2395 875 2443 ἂν
902 2393 962 2457 ἦν
987 2423 1047 2432 --
1074 2391 1461 2455 α’γωνίζεσθαι
1491 2400 1665 2459 scripsit
1695 2425 1752 2431 —
1783 2400 1930 2446 tamen
1958 2399 2005 2443 in
2034 2410 2159 2457 prae-

153 2468 316 2516 fatione
346 2461 641 2526 ἀγωνίζεσθαι
675 2469 745 2515 vel
774 2464 1063 2524 ἐξετάζεσθαι
1095 2468 1257 2527 requiri
1286 2467 1402 2516 dixit
1464 2469 1547 2516 Sed
1578 2469 1748 2516 videtur
1777 2469 1860 2515 hoc
1886 2468 1981 2514 loco
2008 2467 2161 2527 Lysiae

153 2550 309 2584 manus
347 2540 551 2598 corrupta
591 2551 685 2585 esse
729 2539 783 2585 ab
821 2537 875 2585 iis
915 2538 991 2597 qui
1027 2535 1150 2591 ὅστις
1183 2537 1291 2584 illud
1331 2551 1414 2597 quo
1452 2539 1726 2585 referendum
1767 2539 1884 2585 esset
1913 2537 2045 2598 quum
2073 2549 2158 2584 non

153 2609 264 2654 satis
291 2608 628 2662 intellexissent,
669 2608 780 2653 illud
811 2609 925 2667 quod
955 2608 1164 2667 scriptum
1194 2611 1288 2654 erat
1323 2606 1754 2668 ἐκκλησιάζοιτε
1788 2608 1889 2656 huic
1917 2608 2158 2669 pronomini
