2436 3053
203 132 264 179 24

206 250 350 291 omnia
381 251 474 292 tam
504 252 607 293 sunt
637 251 825 293 violenta
855 252 926 302 ut,
954 251 992 293 si
1020 250 1153 293 tantis
1182 263 1284 294 vere
1316 264 1421 308 opus
1444 255 1558 297 esset
1586 254 1800 306 artificiis,
1829 257 2069 311 praestaret
2097 268 2198 302 sane

202 330 301 361 cum
318 317 552 363 .Dindorfio
584 320 629 363 et
657 318 708 364 G.
741 318 925 376 Sauppio
966 321 1011 363 et
1040 319 1368 366 Breitenbachio
1409 322 1539 368 verba
1578 321 1693 366 πολὺ
1730 320 1785 366 ἂν
1822 323 1987 378 μᾶλλον
2027 327 2198 370 omnino

203 384 359 439 delere.
421 386 688 444 Quamquam
719 401 805 432 non
835 389 979 445 potest
1006 401 1136 433 causa
1167 389 1423 447 excogitari,
1470 403 1556 447 qua
1583 391 1678 448 quis
1708 388 1984 449 adscripserit
2012 406 2063 439 ea
2091 407 2199 451 quae

201 455 309 499 nihil
347 455 580 512 quidquam
619 470 696 514 per
726 470 772 502 se
801 459 898 515 ipsa
926 459 1067 515 posita
1097 458 1398 515 significarent.
1460 460 1611 517 Itaque
1637 460 1745 506 mihi
1774 461 1944 508 videtur
1975 475 2067 508 esse
2095 464 2200 509 sirn-

199 522 485 580 plicissimum
516 529 685 571 servato
715 528 791 573 illo
822 526 935 572 πολύ
968 525 1022 571 ἂν
1051 528 1216 583 μᾶλλον
1246 530 1423 586 iungere
1451 528 1557 573 illud
1588 544 1671 587 quo
1701 533 1922 589 sequentia
1952 540 2050 577 cum
2077 535 2199 589 ante-

201 593 452 640 cedentibus
483 609 590 642 nexa
617 597 748 643 fuisse
775 600 1109 643 consentaneum
1141 600 1208 643 est
1234 597 1466 645 vinculum.
1525 599 1811 646 Referendum
1843 605 1910 647 est
1939 602 2054 648 enim
2084 600 2198 647 πολὺ

200 660 254 706 ἂν
284 664 446 718 μᾶλλον
477 667 532 710 ad
559 667 739 712 verbum
768 666 986 724 λογίζομαι
1002 702 1012 722 ,
1046 671 1090 713 et
1118 665 1173 711 ἄν
1204 681 1256 713 ea
1286 682 1370 725 qua
1400 669 1568 727 saepius
1599 673 1664 715 est
1692 671 1907 717 adiectum
1934 672 2120 725 ratione,
2150 674 2199 717 ut

200 733 355 779 modus
397 736 518 780 verbi
558 749 607 780 ex
646 737 700 780 iis
741 750 848 792 quae
881 741 1205 793 praecesserunt
1238 738 1509 795 intelligatur
1552 740 1605 783 cf.
1648 741 1882 785 Hermann.
1924 741 1975 785 de
2005 743 2117 798 part.
2146 738 2200 784 ἂν

200 818 242 862 p.
267 809 365 849 187.
425 805 495 850 Sic
521 806 562 848 h.
585 805 612 851 1.
635 806 688 850 ad
719 805 833 850 πολὺ
863 803 915 849 ἂν
943 807 1113 862 μᾶλλον
1150 808 1277 852 facile
1319 807 1580 864 cogitatione
1611 809 1782 854 additui·
1810 807 2059 869 λογιζοίμην
2087 804 2200 855 εἶναι

199 875 277 930 (sc.
308 873 386 917 τὸν
418 873 612 919 κίνδυνον
641 872 743 933 ἡμῖν
773 874 853 931 μὲν
879 873 1066 930 ἐλάττω,
1096 879 1192 929 τοῖς
1220 875 1270 920 δὲ
1301 874 1535 932 πολεμίοις
1565 877 1717 936 μείζω)
1746 882 1791 924 et
1818 881 1864 924 in
1891 881 1966 925 illo
1999 878 2112 924 πολὺ
2145 877 2198 923 ἂν

199 942 364 997 μᾶλλον
407 944 659 1000 simpliciter
706 946 845 1003 posito
888 946 1004 990 idem
1049 947 1161 990 inest
1207 947 1321 1002 quod
1370 948 1513 991 verbis
1563 947 1637 990 καὶ
1677 951 1814 991 ταῦτα
1853 965 1902 992 π.
1940 946 1995 992 ἂν
2034 950 2198 1005 μᾶλλον

202 1014 381 1058 adiectis
410 1016 552 1072 potuit
583 1015 723 1059 efferri
754 1030 811 1062 sc.
832 1013 1077 1075 λογιζοίμην
1108 1011 1235 1059 εἶναι.
1294 1018 1387 1060 Iam
1418 1017 1529 1074 quod
1558 1018 1750 1075 sequitur
1779 1016 1856 1061 καί
1876 1019 2002 1063 facile
2023 1021 2200 1076 apparet

197 1083 463 1141 iungendum
487 1097 581 1128 esse
610 1086 822 1141 particula
846 1082 906 1140 εἰ,
937 1087 1007 1130 vel
1034 1083 1156 1139 ἐπεί,
1189 1086 1260 1129 vel
1289 1086 1418 1129 etiam
1450 1083 1565 1129 ὅσον.
1624 1087 1691 1130 Ac
1720 1088 1846 1144 plane
1873 1087 2069 1131 similiter
2090 1087 2200 1144 legi-

198 1155 271 1198 tur
305 1154 351 1197 in
391 1155 582 1199 oratione
625 1168 660 1199 c.
691 1155 905 1201 Neaeram
946 1156 984 1211 g.
1015 1159 1073 1199 44
1104 1169 1144 1212 p.
1179 1159 1292 1200 1359
1329 1157 1382 1200 R.
1412 1154 1465 1198 ἵν’
1505 1152 1647 1214 εἰδῆτε
1686 1153 1756 1200 ὅτι
1794 1154 1869 1200 καὶ
1909 1150 2039 1209 αὐτὸς
2077 1151 2201 1210 ἷίξιός

201 1221 323 1267 ἐστιν
350 1217 427 1266 οὐκ
457 1220 624 1268 ἐλάττω
650 1223 804 1269 δοῦναι
835 1221 959 1283 δίκην
991 1221 1019 1283 ἢ
1050 1224 1126 1268 καὶ
1156 1222 1327 1283 Νέαιρα
1358 1222 1484 1283 αὕτη,
1525 1218 1637 1269 ἀλλὰ
1670 1224 1744 1270 καὶ
1775 1226 1927 1284 πολλῷ
1951 1222 2086 1281 μείζω
2106 1223 2201 1269 καὶ

197 1293 429 1346 μᾶλλον,
479 1290 571 1349 ὅσῳ
597 1287 841 1350 ,Ἀθηναῖος
882 1290 1066 1350 φάσκων
1111 1289 1224 1335 εἶναι
1271 1294 1385 1336 πολὺ
1424 1297 1511 1337 τῶν
1549 1293 1692 1349 νόμων
1721 1293 2076 1352 κατεπεφρόνηκε
2107 1295 2200 1336 κτλ.

200 1362 349 1407 Potuit
390 1363 504 1407 enim
533 1364 624 1407 sine
664 1363 792 1408 dubio
835 1364 905 1408 hic
946 1378 1112 1419 quoque
1154 1364 1255 1418 poni
1297 1364 1410 1418 quod
1441 1365 1554 1420 apud
1581 1364 1921 1419 Xenophontem
1934 1364 2091 1407 iniuria
2117 1364 2202 1408 fuit

198 1432 442 1479 offensioni:
475 1431 632 1491 πολλῷ
662 1428 819 1487 μείζω,
855 1431 970 1476 πολὺ
999 1429 1052 1475 ἂν
1082 1431 1269 1488 μᾶλλον,
1300 1430 1391 1492 ὅσῳ
1416 1432 1534 1478 nm

350 1503 434 1545 Sed
473 1503 741 1544 revertamur
776 1503 830 1545 ad
859 1503 904 1544 id
932 1502 1045 1544 unde
1072 1503 1157 1544 huc
1189 1502 1388 1557 degressa
1419 1506 1485 1545 est
1514 1504 1661 1546 oratio.
1722 1503 1921 1557 Sequitur
1948 1503 2063 1545 enim
2090 1504 2201 1545 alius

199 1572 321 1617 locus
362 1570 551 1615 eiusdem
573 1570 736 1626 ‘Lysiae
777 1570 981 1615 orationis
1019 1570 1071 1614 de
1099 1571 1196 1614 olea
1226 1572 1264 1627 ἕ.
1288 1577 1357 1616 31.
1392 1569 1476 1626 ἐγὼ
1515 1569 1599 1627 γὰρ
1629 1569 1686 1614 τὰ
1715 1568 1816 1626 ἐμοὶ
1846 1568 2199 1628 προςτεταγμένα

199 1640 376 1699 ἅπαντα
408 1637 749 1697 προθυμότερον
779 1636 1008 1698 πεποίηκα
1038 1637 1099 1691 ὡς
1128 1637 1220 1684 ὕπὸ
1253 1642 1332 1699 τῆς
1353 1636 1528 1692 πόλεως
1547 1636 1867 1699 ἠναγκαζόμην,
1900 1638 1977 1683 καὶ
1995 1655 2201 1699 τριηραρ-

197 1714 285 1764 χῶν
317 1708 392 1753 καὶ
433 1706 643 1766 εἰσφορὰς
683 1707 902 1767 εἰσφέρων
944 1707 1019 1752 καὶ
1055 1711 1249 1766 χορηγῶν
1289 1708 1366 1752 καὶ
1404 1704 1542 1751 τᾶλλα
1579 1709 1841 1765 λειτουργῶν
1873 1705 2047 1759 οὐδενὸς
2073 1704 2202 1766 ἦττον

195 1779 447 1831 πολυτελῶς
481 1781 544 1822 vu*
547 1795 570 1821 ν
607 1778 819 1823 πολιτῶν.
873 1778 965 1822 -Hic
997 1791 1160 1836 quoque
1190 1778 1381 1837 plerique
1411 1781 1586 1824 censent
1616 1776 1678 1831 ὡς
1706 1778 1897 1836 positum
1924 1791 2017 1824 esse
2045 1792 2120 1837 pro
2151 1776 2181 1838 ἤ
2191 1813 2202 1832 ,

198 1851 271 1895 vel
311 1851 444 1894 etiam
483 1849 757 1893 scribendum
795 1862 888 1893 esse
930 1848 1043 1906 quod
1082 1849 1220 1892 voluit
1249 1849 1436 1893 Cobetus
1450 1882 1461 1902 ,
1504 1846 1531 1906 ἢ
1570 1845 1630 1900 ὦς
1659 1873 1715 1879 -
1750 1841 2058 1906 ἠναγκαζόμην.
2121 1848 2210 1892 Se&

339 1986 377 2028 5)
403 1985 498 2021 Utor
522 1984 590 2020 hac
616 1983 891 2029 opportunitate
919 1983 968 2019 ud
993 1982 1348 2018 commemorandum
1372 1985 1429 2025 et,
1455 1983 1487 2018 si
1503 1984 1646 2028 potero,
1673 1980 1940 2016 emendandum
1956 1980 2071 2017 alium
2084 1982 2205 2018 locum

196 2043 466 2090 Xenophontis,
497 2042 542 2079 de
564 2053 636 2089 quo
657 2041 890 2079 vehementer
906 2041 964 2077 est
979 2039 1198 2078 dubitatum.
1238 2040 1343 2085 Quod
1358 2041 1456 2078 enim
1471 2040 1609 2087 legitur
1626 2039 1759 2087 Cyrop.
1776 2038 1809 2074 1.
1827 2039 1851 2076 6
1861 2066 1871 2082 ,
1897 2038 1957 2076 33.
1974 2039 2122 2086 ἐγένετο
2139 2038 2207 2075 οὖν

197 2104 238 2139 ἐκ
262 2102 409 2137 τοίτων
435 2100 551 2149 ῥήτρα
578 2095 600 2149 ᾗ
617 2103 681 2135 καὶ
698 2104 769 2135 νῦν
779 2098 967 2148 χρώμεθα
984 2099 1058 2142 ἔτι,
1082 2099 1211 2139 ἁπλῶς
1224 2098 1423 2134 διδάσκειν
1440 2099 1526 2138 τοὺς
1542 2098 1829 2147 παῖδαςζῶσπερ
1845 2097 1931 2136 τοὺς
1949 2099 2098 2135 οἰκέτας
2114 2096 2208 2145 πρὸς

196 2160 298 2210 ἡμᾶς
323 2157 457 2198 αὐτοὺς
482 2155 722 2205 διδάσκομεν
740 2154 941 2202 ἀληθείειν
957 2159 1020 2192 καὶ
1036 2156 1089 2205 μὴ
1108 2157 1300 2199 ἐξαπατᾶν
1317 2159 1381 2193 καὶ
1397 2156 1449 2206 μί
1470 2159 1724 2195 πλεονεκτεῖν·
1749 2161 1784 2192 εἴ
1801 2155 1846 2192 δὲ
1861 2153 1965 2205 παρὰ
1982 2156 2100 2190 ταῦτα
2119 2167 2206 2190 ποι·-

198 2223 296 2260 οῖεν,
324 2215 520 2258 κολάζειν,
548 2215 652 2254 ὅπως
677 2215 764 2251 σὺν
788 2214 989 2260 τοιούτῳ
1019 2215 1129 2251 ἔθει
1155 2216 1436 2263 ἐθισθέντες
1462 2213 1667 2264 πρᾳότεροι
1693 2216 1845 2249 πολῖται
1873 2216 2044 2259 γένοιντο
2061 2211 2100 2248 id
2117 2222 2207 2258 quo-

198 2275 306 2312 modo
336 2274 512 2321 scriptum
527 2266 658 2316 fuerit,
684 2285 796 2320 quum
822 2274 899 2310 sive
928 2271 1000 2310 σὺν
1026 2272 1106 2309 ἔθει
1132 2273 1209 2309 sive
1234 2273 1317 2309 ἔθει
1341 2273 1563 2314 ἐθισθέντες
1586 2272 1694 2309 nihih
1719 2272 1791 2314 sit,
1825 2271 1866 2307 in
1891 2270 2010 2308 medio
2035 2280 2152 2317 nuper
2168 2280 2209 2306 se

198 2333 404 2380 relinquere
427 2332 521 2369 dixit
536 2331 767 2375 Dindorfius‚
793 2334 897 2369 ratus
921 2341 994 2367 non
1015 2330 1096 2367 leve
1121 2331 1324 2378 scripturae
1347 2331 1479 2368 vitium
1504 2330 1570 2368 sed
1588 2330 1743 2368 illatum
1767 2328 1919 2377 aliquod
1933 2339 2012 2366 esse
2032 2327 2207 2365 scholion.

195 2392 293 2429 Mihi
323 2391 439 2427 lenior
469 2391 614 2428 videtur
644 2389 803 2426 inveniri
834 2399 944 2436 posse
967 2389 1148 2426 medicina
1177 2400 1220 2426 ac
1246 2390 1429 2436 suspicor,
1465 2389 1745 2436 Xenophontem
1770 2388 1961 2435 scripsisse
1988 2386 2060 2422 σὺν
2083 2385 2143 2422 vel
2168 2386 2209 2420 ἐν

196 2446 355 2495 τοιούτῳ
379 2449 461 2484 ἔθει
487 2463 510 2484 α
523 2448 722 2485 ῖδεσθέν
732 2455 830 2491 τῖες,
859 2447 963 2484 cuius
987 2448 1207 2495 suspicionis
1231 2448 1431 2485 firmandae
1455 2459 1528 2485 non
1553 2447 1633 2484 leve
1654 2446 1806 2494 aliquod
1821 2447 2048 2483 momentum
2063 2443 2209 2480 videtur

198 2509 319 2545 inesse
347 2507 387 2543 in
412 2507 461 2543 iis
487 2516 579 2552 quae
606 2509 809 2553 sequuntur
831 2507 917 2542 ἐπεὶ
943 2507 986 2542 δὲ
1011 2508 1137 2552 ἔχοιεν
1160 2507 1229 2550 τὴν
1256 2506 1424 2550 ἠλικίαν,
1456 2505 1504 2542 ’ἣν
1529 2504 1577 2541 σὺ
1600 2509 1670 2541 νῦν
1696 2506 1795 2552 ἔχεις
1816 2503 1910 2548 ἤδη,
1952 2505 2016 2538 καὶ
2040 2501 2087 2537 τὰ
2112 2500 2209 2550 πρὸς

198 2566 287 2607 τοὺς
310 2567 521 2610 πολεμίους
543 2562 691 2612 νόμιμα
725 2563 850 2601 ἐδόκει
885 2562 1054 2613 ἀσφαλὲς
1084 2564 1182 2600 εἶναι
1218 2562 1434 2600 διδάσκειν.
1465 2563 1513 2599 οὐ
1542 2562 1617 2612 γὰρ
1642 2561 1691 2599 ἄν
1713 2562 1768 2599 ἔτι
1790 2562 2032 2609 ἐξενεχθῆναι
2059 2562 2207 2597 δοκεῖτε

197 2623 299 2670 πρὸς
322 2623 362 2659 τὸ
389 2622 519 2671 ἄγριοι
547 2624 699 2657 πολῖται
724 2625 927 2669 γενέσθαι,
954 2624 1004 2658 ἐν
1036 2626 1094 2669 τῷ
1119 2622 1388 2657 αἰδεῖσθαι
1410 2621 1645 2660 &unove
1671 2623 2116 2669 συντεθραμμένοι.
