2436 3053
160 118 222 165 22

163 239 259 283 tuin
294 236 428 281 fuisse
467 235 718 292 suspicarer.
791 236 943 293 Itaque
984 235 1054 280 vel
1091 234 1259 281 adiecta
1293 234 1370 281 illa
1409 250 1519 293 quae
1561 237 1710 282 abesse
1745 237 1922 293 putatur
1951 238 2163 294 particula

162 306 272 352 nihil
298 304 532 362 quidquam
547 304 761 350 efficitur.
817 304 944 360 Quod
974 318 1106 363 quum
1133 306 1250 352 recte
1279 305 1564 365 intellexisset
1592 305 1801 364 Sauppius
1830 305 2073 365 ingeniose,
2112 310 2163 352 ut

162 377 298 430 solet,
328 375 512 422 coniecit
543 375 751 432 scriptum
778 375 910 420 fuisse
941 369 1286 433 αἱρούμενος
1321 374 1486 431 μᾶλλον
1513 373 1727 433 λέγεσθαι
1753 374 1815 430 ὥς
1842 392 1921 433 μοι
1950 378 2160 436 προσῆκε,

164 450 211 491 et
240 445 522 491 assentientes
549 445 701 489 habuit
729 445 901 491 multos.
961 445 1082 489 Unus
1103 443 1358 491 Sinteuisius
1377 445 1552 501 (Philol.
1573 445 1636 490 VI
1655 460 1696 502 p.
1719 447 1845 502 750),
1876 446 1990 502 quod
2014 446 2161 500 sciam,

162 531 249 561 non
277 514 435 560 iniuria
465 514 644 559 offendit
671 515 717 558 in
747 527 798 559 ea
826 514 1091 567 coniectura,
1123 514 1236 570 quod
1264 516 1361 561 tum
1389 529 1475 561 non
1501 515 1717 561 diceretur
1745 515 1848 573 quid
1875 528 2002 574 aegre
2030 516 2162 561 ferret

161 599 282 638 reus,
315 584 391 629 sed
410 586 553 641 potius
583 583 687 641 quid
715 583 881 640 gratius
913 583 953 627 ei
980 583 1132 627 fuisset
1160 583 1367 629 futurum.
1427 584 1489 629 At
1517 585 1590 642 qui
1615 585 1661 628 id
1689 586 1830 641 magis
1858 585 2094 638 desiderat,
2122 586 2160 629 is

161 668 261 701 vere
288 668 374 698 non
403 653 553 705 habet,
595 665 670 696 cur
698 652 823 697 alteri
851 654 1112 696 succenseat.
1172 654 1457 710 Exspectatur
1485 655 1617 712 igitur
1646 654 1787 710 potius
1812 653 1993 710 aliquid,
2040 654 2160 698 cuius

159 725 331 768 nomine
364 735 614 767 succensere
643 721 832 777 potuerit
861 721 899 763 is
931 722 1003 776 qui
1032 722 1211 765 audiret.
1269 723 1422 779 Neque
1451 725 1497 767 id
1525 725 1666 779 potuit
1697 723 1927 780 significari
1952 715 2158 778 vocabulo

162 789 521 850 αἱρούμενος,
562 791 638 835 sed
669 804 717 834 eo
748 790 841 845 ipso
872 790 985 845 quod
1013 792 1129 835 recte
1152 791 1343 847 positum
1372 793 1479 836 mihi
1509 793 1679 849 quidem
1708 806 1800 838 esse
1830 791 2002 838 videtur
2032 788 2160 850 ἡγού-

160 878 310 919 μενος,
361 872 496 916 neque
534 862 681 904 tamen
723 860 787 903 ita
819 859 895 902 illo
933 860 1103 916 quidem
1142 861 1385 915 intellecto,
1431 863 1498 906 uti
1528 864 1698 915 volunt,
1746 862 1821 907 sed
1850 862 1991 919 potius
2017 862 2081 907 ita
2109 865 2160 907 ut

161 933 373 977 disiuncto
404 931 480 975 illo
509 926 569 981 ὡς
598 928 699 984 ἐμοὶ
727 931 925 987 προσῆκε
957 931 1010 975 ab
1039 932 1325 987 comparativo
1357 934 1402 977 et
1429 933 1512 976 hoc
1541 933 1633 989 ipso
1663 933 1719 977 ad
1749 933 1929 985 verbum
1948 931 2161 988 λέγεσθαι

159 1001 297 1047 relato
338 1000 551 1044 diceretur
590 995 822 1061 ἡγούμενος
860 997 1090 1055 λέγεσθαι,
1142 1001 1355 1055 μᾶλλον
1391 999 1451 1054 ὡς
1482 999 1584 1056 ἐμοὶ
1626 1005 1882 1060 προσῆκε
1920 1015 1979 1046 sc.
2009 1003 2158 1045 ποιεῖν

160 1073 203 1127 („
213 1073 334 1114 ratus
356 1070 441 1112 dici
459 1070 603 1124 potius
624 1068 984 1124 quemadmodum
1005 1070 1145 1113 facere
1166 1071 1367 1121 deberem,
1387 1083 1516 1126 quam
1538 1071 1896 1127 quemadmodum
1912 1070 2158 1125 tacerem“).

158 1140 314 1185 Altera
344 1142 490 1183 autem
520 1137 596 1181 illa
626 1138 860 1183 enuntiatio
888 1135 917 1195 ἢ
943 1137 1158 1194 λέγεσθαι
1184 1136 1246 1192 ὡς
1268 1138 1406 1192 ὄντως
1436 1137 1645 1192 ἐποίουν,
1676 1141 1726 1184 ut
1748 1152 1856 1196 quae
1876 1138 2002 1183 facile
2022 1139 2159 1195 possit

157 1208 364 1265 intelligi,
406 1207 566 1250 omissa
591 1208 679 1258 est,
721 1208 766 1251 et
794 1209 909 1251 recte
941 1208 1083 1265 potuit
1113 1209 1267 1253 omitti.
1327 1209 1422 1253 Iam
1447 1208 1646 1252 Reiskius
1680 1209 1793 1252 hanc
1823 1206 2158 1251 enuntiationem

158 1281 224 1322 ita
255 1279 563 1332 interpretatus
595 1278 689 1320 erat
718 1275 777 1327 ὥς
804 1292 883 1330 μοι
915 1283 1136 1334 προσῆκεν
1166 1273 1278 1321 εἶναι
1309 1276 1336 1334 ἢ
1366 1275 1427 1328 ὦς
1459 1272 1532 1334 ἦν,
1570 1279 1654 1322 nisi
1685 1278 1798 1332 quod
1816 1277 1925 1320 illud
1945 1277 2058 1332 quod
2078 1290 2163 1334 ego

159 1347 348 1404 intelligi
393 1358 517 1402 posse
561 1358 711 1390 censeo
756 1344 938 1391 adiicere
980 1347 1134 1400 voluit,
1191 1347 1303 1403 quod
1343 1348 1486 1404 ipsum
1530 1359 1616 1391 non
1655 1340 1808 1390 εἶναι
1850 1344 1925 1390 sed
1967 1347 2160 1389 ποιεῖν

157 1430 251 1461 esse
299 1415 485 1459 debebat
525 1427 661 1469 eoque
702 1416 841 1470 magis
884 1427 978 1457 esse
1020 1417 1181 1470 potuit,
1229 1417 1341 1471 quod
1380 1417 1571 1472 proxime
1619 1414 1850 1459 antecessit
1887 1414 1996 1457 illud
2035 1406 2159 1456 οὐδὲν

158 1483 213 1530 ἂν
242 1482 366 1542 εἰκῇ
397 1481 473 1526 καὶ
501 1479 819 1538 ἀλογίστως
849 1487 1103 1541 ποιῆσαι.
1149 1484 1348 1529 Ceterum
1367 1486 1496 1530 sicui
1515 1485 1646 1530 verba
1665 1485 1728 1527 sic
1745 1483 1960 1539 explicata
1979 1482 2155 1527 videan-

157 1557 230 1602 tur
260 1552 486 1599 intellectu
516 1565 607 1596 esse
639 1551 900 1605 difficiliora,
930 1552 968 1597 is
999 1552 1131 1599 velim
1158 1553 1223 1599 ita
1251 1568 1303 1600 ea
1331 1555 1586 1632 pronuntiet
1608 1550 1968 1609 quemadmodum
1995 1550 2158 1607 scripsi,

156 1628 207 1671 ut
236 1625 403 1669 intenta
430 1634 535 1666 voce
567 1622 696 1665 acuat
723 1621 887 1676 μᾶλλον
915 1624 960 1666 et
990 1625 1204 1681 προσῆκε,
1246 1625 1291 1667 et
1322 1624 1484 1677 omnis,
1519 1623 1687 1680 opinor,
1719 1621 1951 1666 difficultas
1980 1620 2158 1665 tolletur

159 1699 205 1739 et
243 1694 495 1737 obscuritas.
566 1691 727 1733 Verum
766 1694 833 1735 est
870 1693 1018 1744 locus,
1066 1706 1148 1748 quo
1184 1695 1283 1749 quis
1319 1694 1385 1736 uti
1421 1694 1558 1749 possit
1589 1693 1643 1735 ad
1674 1691 2009 1735 confirmandam
2038 1678 2159 1733 illam

158 1777 287 1820 quam
326 1762 456 1806 reieci
495 1760 780 1816 coniungendi
818 1752 1030 1808 rationem
1066 1748 1305 1819 ηγῇψενος
1342 1760 1509 1815 μᾶλλον
1538 1755 1794 1816 λέγεσθαι’
1778 1756 1806 1817 ἠ
1835 1756 1950 1803 vel’
1936 1755 1963 1817 ἡ
1990 1755 2052 1809 ὥς
2078 1773 2159 1812 μοι

156 1835 382 1891 προσῆκε,
429 1831 505 1875 sed
542 1831 617 1874 ille
652 1830 824 1887 quidem
857 1843 1040 1889 magnae
1073 1830 1329 1874 dubitationi
1356 1830 1585 1874 subiectus.
1646 1829 1869 1887 Leguntur
1900 1826 2015 1870 enim
2043 1826 2157 1883 apud

157 1902 452 1959 Thucydidem
481 1902 555 1943 lib.
581 1902 625 1944 H
656 1915 691 1945 c.
713 1907 783 1946 42.
814 1901 865 1944 de
904 1902 980 1953 iis,
1022 1903 1094 1955 qui
1124 1901 1293 1944 fortiter
1321 1900 1549 1955 pugnando
1575 1913 1653 1954 pro
1682 1900 1824 1954 patria
1854 1898 2155 1948 occubuerunt,

153 1973 261 2018 haec
300 1970 452 2017 verba:
495 1967 573 2027 τὴν
599 1966 652 2014 δὲ
682 1973 769 2013 τῶν
798 1965 1004 2013 ἐναντίων
1033 1966 1249 2027 τιμωρίαν
1278 1965 1603 2027 ποθεινοτέραν
1632 1959 1772 2012 αὐτῶν
1801 1966 1878 2024 (sc.
1909 1968 1987 2011 τοῦ
2016 1962 2156 2012 πλού-

152 2056 232 2084 του
269 2038 345 2083 καὶ
374 2043 453 2098 τῆς
482 2036 666 2090 ἐλπίδος
697 2035 848 2095 αὐτοῦ)
878 2036 1105 2093 λαβόντες,
1147 2037 1224 2080 καὶ
1252 2035 1461 2080 κινδύνων
1490 2034 1584 2091 ἅμα
1610 2035 1735 2078 τόνδε
1763 2033 1998 2078 κάλλιστον
2030 2033 2155 2090 νομί-

154 2126 312 2161 σαντες
342 2106 645 2167 ἐβουλήθησαν
674 2107 769 2162 μετ’
798 2100 931 2150 αὐτοῦ
959 2106 1060 2158 τοὺς
1088 2106 1171 2161 μὲν
1201 2110 1521 2163 τιμωρεῖσθαι,
1550 2109 1637 2149 τῶν
1669 2104 1718 2149 δὲ
1738 2102 1973 2163 ἐφίεσθαι,
2004 2102 2154 2148 ἐλπίδι

152 2179 233 2237 μὲν
265 2177 317 2224 τὸ
346 2175 514 2237 ἀφανὲς
543 2178 621 2221 τοῦ
650 2171 955 2234 κατορθώσειν
975 2173 1327 2235 ἐπιτρέψαντες,
1368 2171 1478 2235 ἔργῳ
1507 2172 1557 2219 δὲ
1588 2172 1691 2235 περὶ
1716 2176 1796 2219 τοῦ
1825 2170 1907 2234 ἤδη
1937 2170 2154 2232 δρωμένου

154 2249 308 2308 σφίσιν
362 2245 520 2299 αὐτοῦς
564 2243 785 2300 ἀξιοῦντες
823 2245 1104 2290 πεποιθέναι
1146 2245 1243 2290 καὶ
1290 2245 1345 2289 ἐν
1395 2240 1540 2303 αὐτῷ
1590 2244 1653 2289 τὸ
1704 2238 2021 2299 ἀμύνεσθαι
2064 2244 2156 2288 καὶ

154 2321 369 2363 παθεῖν
398 2317 610 2374 μᾶλλον
641 2312 989 2375 ἡγησάμενοι
1018 2313 1046 2374 ἢ
1071 2314 1135 2360 τὸ
1164 2313 1428 2368 ἐνδόντες
1449 2311 1769 2369 σώζεσθαι,
1804 2312 1857 2357 τὸ
1876 2311 1956 2369 μὲν
1975 2310 2155 2370 αἰσχρόν

152 2389 234 2431 τοῦ
268 2386 396 2443 λόγου
428 2385 610 2445 ἔφυγον,
656 2385 709 2429 τὸ
757 2386 793 2429 δ’
838 2382 963 2442 ἔργον
1009 2388 1076 2443 τῷ
1110 2383 1282 2440 σώματι
1321 2383 1571 2439 ὑπέμειναν.
1626 2384 1711 2438 Qui
1745 2385 1796 2427 ut
1826 2383 1955 2435 solet,
2010 2384 2155 2438 copio-

155 2457 326 2502 sissime
358 2458 404 2499 et
431 2457 676 2501 doctissime
709 2455 761 2498 de
789 2455 871 2498 hoc
900 2454 995 2498 loco
1027 2455 1256 2511 explicavit
1276 2454 1519 2499 Classenius
1534 2487 1545 2505 ‚
1573 2454 1789 2509 postremo
1807 2454 1975 2503 tamen,
2005 2451 2050 2495 in
2073 2465 2154 2508 quo

156 2525 285 2571 cardo
317 2525 379 2570 rei
409 2527 627 2578 versatur,
659 2525 798 2570 facere
830 2536 916 2567 non
943 2525 1106 2581 potest,
1139 2524 1241 2579 quin
1273 2523 1407 2577 dicat,
1439 2521 1560 2567 verbi
1586 2520 1748 2576 μᾶλλον
1770 2517 1979 2579 ἡγεῖσθαι
2000 2533 2051 2565 ea
2072 2533 2156 2578 qua

155 2594 226 2638 hic
255 2595 428 2651 legatur
458 2594 767 2652 significatione
799 2592 952 2650 (pluris
983 2594 1229 2650 aestimare)
1262 2592 1364 2637 dicti
1392 2590 1562 2636 nullum
1590 2590 1771 2635 inveniri
1802 2589 2063 2647 exemplum,
2105 2591 2156 2633 ut
