2436 3053
191 654 474 745 Quamquam
500 686 654 745 Lysiae
684 684 894 732 orationes
924 685 1221 732 intentissimis
1247 688 1483 736 multorum
1501 688 1627 731 huius
1650 689 1804 733 aetatis
1825 689 2049 732 doctorum
2065 690 2180 732 curis

187 770 345 815 magna
374 770 425 801 ex
452 759 572 814 parte
603 759 647 800 et
677 756 908 813 explicatae
940 758 984 799 et
1005 757 1252 801 emendatae
1274 761 1392 810 sunt,
1423 761 1566 802 tamen
1586 757 1712 814 hodie
1733 772 1900 814 quoque
1920 771 2006 802 non
2027 758 2180 803 desunt

187 828 295 882 loci,
344 827 416 884 qui
447 827 522 871 aut
554 819 837 884 suspicionem
863 825 1050 883 aliquam
1076 827 1299 879 moveant,
1338 829 1413 872 aut
1444 826 1634 872 omnium
1661 826 1735 883 qui
1766 826 1817 872 de
1846 827 1977 884 Lysia
2005 828 2178 885 egregie

187 898 437 942 meruerunt
465 895 635 952 ingenia
675 909 807 951 quum
837 895 909 940 diu
934 896 1202 951 multumque
1233 897 1519 949 exercuerint,
1563 910 1639 953 pro
1670 897 1723 941 iis
1748 897 1837 941 iam
1864 897 2064 941 videntur
2083 910 2178 941 esse

187 965 348 1018 relicti,
380 964 532 1022 quibus
561 963 817 1009 medicinam
849 964 990 1008 afferri
1017 977 1141 1021 posse
1169 978 1302 1022 paene
1333 966 1389 1009 sit
1419 966 1739 1021 desperandum.
1801 965 1940 1018 Quam
1961 967 2033 1022 qui
2053 979 2178 1009 exco-

188 1035 354 1094 gitandi
380 1036 425 1079 et
453 1034 696 1080 inveniendi
724 1034 873 1078 fecerit
902 1034 1161 1090 periculum,
1200 1035 1237 1078 is
1267 1036 1438 1080 veniam
1465 1038 1604 1088 certe,
1646 1036 1816 1091 opinor,
1848 1035 2179 1092 impetraturum

188 1117 232 1149 se
270 1116 361 1148 esse
402 1115 571 1158 sperare
609 1115 659 1145 ac
688 1115 817 1159 prope
847 1103 1054 1146 confidere
1082 1104 1250 1158 poterit.
1314 1106 1463 1160 Itaque
1491 1105 1717 1148 nonnullos
1744 1117 1823 1160 ego
1855 1105 1935 1148 hac
1963 1104 2178 1148 scribendi

190 1172 505 1230 opportunitate
533 1170 679 1216 oblata
705 1171 750 1214 in
779 1172 1130 1229 disceptationem
1158 1184 1310 1216 vocare
1341 1174 1530 1216 animum
1555 1173 1723 1224 induxi,
1755 1185 1840 1216 non
1870 1185 1952 1228 quo
1984 1174 2051 1216 tot
2071 1172 2177 1216 viris

188 1242 350 1300 ingenii
389 1241 509 1297 copia
537 1242 580 1284 et
608 1241 766 1285 mentis
796 1242 990 1286 acumine
1020 1243 1063 1286 et
1089 1241 1305 1285 doctrinae
1336 1242 1544 1286 varietate
1576 1245 1667 1287 tam
1695 1242 1927 1299 praeclaris
1956 1243 2179 1298 praestare

190 1326 260 1358 me
287 1324 411 1369 posse
439 1312 632 1367 putarem
646 1344 657 1363 ‚
698 1309 772 1355 sed
799 1311 849 1355 ut
878 1310 989 1355 tabis
1019 1312 1238 1367 tamquam
1265 1322 1349 1366 qua
1377 1311 1574 1355 laborant
1603 1312 1688 1357 loci
1717 1311 1969 1355 memoriam
1997 1323 2179 1355 renova·

191 1394 284 1425 rem
315 1383 358 1424 et
386 1392 544 1424 novam
574 1379 781 1434 aliquam,
814 1380 850 1422 si
879 1380 1004 1423 modo
1034 1392 1225 1434 possem,
1255 1382 1540 1423 monstrarem
1571 1378 1722 1423 salutis
1751 1379 2027 1423 inveniendae
2047 1381 2178 1432 viam,

192 1465 318 1507 quam
359 1450 496 1493 secuti
522 1448 651 1492 variis
681 1448 748 1492 illi
779 1448 947 1505 quidem
975 1451 1026 1494 ut
1056 1448 1101 1492 in
1128 1461 1173 1492 re
1202 1447 1368 1493 lubrica
1395 1448 1606 1493 erroribus
1637 1448 1743 1508 meis
1774 1447 1909 1493 adiuti
1940 1460 1990 1492 eo
2022 1449 2179 1493 certius

192 1532 320 1578 quam
350 1530 429 1577 ego
463 1518 577 1562 certe
608 1519 778 1563 secutus
804 1530 943 1562 essem
971 1518 1052 1576 ipsi
1083 1519 1439 1574 consequerentur
1465 1519 1637 1560 metam.

339 1588 406 1632 Ac
434 1588 619 1644 primum
638 1588 809 1644 quidem
830 1588 1106 1632 dubitationis
1125 1588 1396 1644 plenissimus
1420 1590 1486 1632 est
1505 1588 1624 1632 locus
1645 1586 1849 1632 orationis
1868 1586 2011 1632 XXVI
2032 1590 2182 1633 contra

191 1726 320 1774 αὑτὸν
341 1723 499 1784 ἷίρχειν,
521 1723 597 1769 καὶ
616 1723 728 1780 μετὰ
748 1730 825 1785 τῆς
845 1721 1057 1785 ἐνᾍρείῳ
1078 1725 1210 1785 πάγῳ
1228 1726 1388 1785 βουλῆς
1407 1725 1485 1772 τὸν
1508 1723 1688 1770 ἅπαντα
1697 1723 1853 1783 χρόνον
1865 1730 1951 1769 τῶν
1963 1725 2181 1783 μεγίστων

190 1794 336 1855 κύριος
356 1795 579 1853 γενέσθαι.
625 1797 865 1839 Accusatur
884 1797 1102 1850 Euander,
1133 1797 1203 1853 qui
1221 1797 1407 1841 vicarius
1427 1797 1727 1839 Leodamantis
1748 1797 1963 1840 archontis
1985 1798 2183 1854 eponymi

192 1867 446 1924 dignitatem
474 1865 616 1908 sortiti
647 1853 906 1910 constitutus
936 1869 1050 1920 erat,
1093 1867 1204 1924 quod
1235 1866 1507 1924 optimatium
1536 1865 1727 1924 partibus
1758 1864 1952 1913 addictus
1976 1865 2108 1911 fuerit
2139 1868 2183 1911 et

191 1934 559 1993 trigintavirorum
591 1933 809 1980 dominatu
837 1935 941 1980 urbe
972 1948 1120 1995 pressa
1148 1936 1450 1994 magistratum
1482 1936 1674 1992 gesserit.
1735 1936 1852 1978 Dicit
1872 1937 2017 1978 autem
2037 1937 2182 1978 orator

192 2004 330 2049 multo
369 2004 511 2047 minus
548 2005 864 2068 rempublicam*
893 2007 1131 2050 subituram
1159 2019 1251 2050 esse
1281 2007 1479 2062 periculi,
1532 2007 1568 2050 si
1600 2008 1769 2050 senator
1795 2018 1923 2061 quam
1953 2004 1990 2047 si
2023 2003 2183 2048 archon

192 2087 424 2131 eponymus
452 2072 509 2117 sit
543 2073 800 2118 constitutus
813 2108 823 2127 ‚
873 2088 1131 2133 quamquam
1158 2088 1210 2119 ne
1239 2074 1348 2120 illud
1377 2074 1547 2132 quidem
1575 2074 1796 2120 ferendum
1824 2085 1916 2119 esse
1946 2072 2183 2118 confirmat.

190 2143 242 2188 In
282 2142 423 2189 verbis
452 2141 586 2200 igitur
612 2138 769 2202 ταύτης
800 2142 848 2188 δὲ
877 2145 954 2203 τῆς
982 2138 1114 2204 ἀρχῆς
1145 2145 1347 2201 oppositis
1372 2145 1436 2189 illi
1465 2146 1673 2190 senatoris
1703 2146 1894 2196 muneri,
1934 2156 2017 2198 quo
2046 2143 2083 2185 si
2107 2142 2182 2186 ille

191 2212 394 2270 fungatur
432 2213 569 2256 levius
606 2214 923 2258 incommodum
965 2228 1056 2259 esse
1085 2218 1209 2271 putat
1239 2216 1402 2268 orator,
1448 2217 1623 2272 apparet
1652 2216 1830 2259 verbum
1858 2215 2025 2266 deesse,
2069 2211 2182 2257 unde

192 2282 405 2340 genitivus
434 2295 662 2339 suspensus
692 2283 760 2328 sit.
813 2282 934 2337 Quod
960 2284 1066 2329 mihi
1088 2284 1256 2341 quidem
1277 2284 1332 2328 ob
1353 2283 1673 2329 similitudinem
1694 2284 1937 2329 litterarum
1958 2296 1985 2327 a
2006 2276 2196 2326 librario*

192 2351 363 2397 videtur
394 2352 599 2398 omissum
630 2365 722 2398 esse
754 2366 780 2398 a
812 2354 941 2411 Lysia
968 2354 1059 2412 ipso
1088 2354 1151 2399 ita
1181 2354 1409 2411 scriptum:
1452 2351 1610 2411 ταύτης
1643 2352 1691 2397 δὲ
1720 2358 1795 2412 τῆς
1827 2350 1957 2411 ἀρχῆς
1986 2345 2183 2405 ἀξιού-

190 2435 357 2476 μενος
390 2417 511 2475 ἀξιοῖ
541 2420 678 2477 μόνος
705 2417 836 2474 αὐτὸς
866 2423 971 2465 καθ’
999 2421 1127 2466 αὑτὸν
1157 2420 1313 2478 ἄρχειν.
1374 2424 1535 2466 Eadem
1559 2424 1684 2485 plane
1716 2423 1879 2467 ratione
1912 2422 2062 2477 Lysias
2092 2422 2183 2476 ipse
2244 2449 2247 2451 -

190 2489 303 2535 infra
347 2492 451 2536 dicit
495 2495 648 2536 τοῦτον
691 2490 764 2550 ὑφ’
808 2489 929 2548 ὑμῶν
969 2490 1174 2551 τοιαύτης
1210 2486 1345 2551 ἀρχῆς
1386 2487 1638 2550 ἠξιωμένον.
1692 2491 1749 2536 Et
1789 2490 1928 2536 simile
1966 2491 2031 2535 est
2069 2488 2185 2546 quod

194 2557 264 2603 Or.
285 2559 371 2605 ΧΠ
397 2574 434 2605 c.
464 2561 678 2608 Eratosth.
700 2563 738 2619 §-
762 2567 817 2606 68
851 2562 902 2607 de
925 2563 1185 2608 Theramene
1214 2561 1369 2607 dicitur
1397 2559 1642 2616 τιμώμενος
1669 2559 1717 2604 δὲ
1749 2559 1824 2604 καὶ
1854 2562 1939 2603 τῶν
1964 2557 2183 2616 μεγίστων

1825 2635 1846 2671 1
1861 2627 1886 2652 *
