2436 3053
2172 107 2204 161 9,

181 214 193 221 ’
207 220 258 269 οὗ
289 219 505 283 φοβητέον
532 219 673 277 ἐστὶν,
716 217 814 267 οὔτε
839 219 919 279 γὰρ
949 217 1070 276 ὑμεῖς
1099 222 1192 265 κτλ.
1221 221 1347 267 facile
1378 224 1446 267 est
1474 222 1529 267 ad
1559 220 1898 279 intelligendum.
1957 222 2072 268 Nam
2103 233 2204 268 reus

210 291 342 351 quum
370 304 444 337 eos
473 290 546 347 qui
577 292 756 337 audiunt
785 292 897 336 bono
928 290 1070 335 animo
1097 304 1190 336 esse
1219 292 1365 337 iubere
1387 291 1514 344 velit,
1546 290 1659 348 quod
1677 290 1786 335 illud
1805 291 1919 347 quod
1937 291 2201 347 lepidissime

208 363 397 410 minatus
428 362 540 415 erat,
570 361 661 407 fore
690 364 740 422 ut
768 361 851 419 ipsi
884 358 1074 408 invalido
1104 362 1148 406 et
1177 375 1310 420 egeno
1340 361 1505 407 homini
1532 360 1748 407 archontis
1778 360 1979 406 obveniat
1999 360 2200 418 dignitas,

206 445 293 479 non
322 431 558 477 timendum
578 431 636 477 sit
654 445 707 477 ne
727 444 915 490 unquam
934 443 1035 477 vere
1056 431 1245 485 accidat,
1277 432 1609 476 consentaneum
1629 433 1716 484 est,
1744 433 1794 475 ut
1814 431 1965 475 afferat
1984 433 2202 475 momenta

207 501 364 560 quibus
392 514 485 546 rem
511 500 840 546 abominandam
865 500 987 545 illam
1020 501 1157 545 averti
1186 514 1310 557 posse
1340 503 1464 557 putet
1491 503 1535 545 et
1563 501 1821 558 praecaveri.
1880 499 2070 553 Quorum
2090 499 2202 544 alte-

208 582 307 616 rum
334 569 460 615 facile
488 573 664 628 apparet
689 572 771 616 hoc
799 583 893 616 esse
917 570 1107 627 positum
1134 569 1180 614 in
1209 570 1314 627 ipsis
1344 570 1580 624 iudicibus,
1619 569 1773 627 quippe
1804 568 1878 625 qui
1907 580 1993 612 non
2021 569 2203 614 eandem

209 651 341 696 quam
379 641 600 687 accusator
627 639 678 685 de
708 641 772 685 rei
799 639 987 697 corporis
1013 638 1256 685 valetudine
1286 641 1461 685 teneant
1489 639 1769 691 sententiam,
1810 637 1922 693 quod
1953 649 2075 683 reum
2103 651 2202 692 non,

210 711 261 755 ut
302 708 375 754 ille
403 708 598 764 simulat,
645 722 721 768 pro
752 709 925 754 robusto
958 722 1008 754 ac
1036 708 1158 753 firmo
1189 709 1284 762 sed,
1328 712 1378 754 ut
1408 723 1507 754 vere
1539 712 1628 763 est,
1671 720 1746 763 pro
1780 707 1909 750 debili
1941 709 1986 751 et
2014 707 2200 752 invalido

159 826 163 831 ,
210 780 381 824 homine
412 782 622 832 habeant,
653 780 801 835 quales
826 780 991 836 legibus
1022 782 1194 823 cautum
1225 780 1570 835 fuisse-constat,
1600 792 1652 823 ne
1684 791 1899 822 summum
1918 775 2043 821 illum
2063 777 2201 823 Athe-

210 848 422 894 niensium
450 848 617 894 adirent
647 848 957 906 magistratum.
1015 847 1216 893 Alterum
1236 861 1337 893 vero
1356 850 1640 902 momentum,
1670 846 1784 904 quod
1807 845 1979 892 additur
1999 846 2044 890 in
2065 846 2205 891 altera

212 917 503 962 enuntiatione
542 914 639 961 οὔθ’
671 912 796 969 οὗτος
827 913 873 961 εὖ
904 920 1071 970 ποιῶν,
1118 918 1225 961 iuud
1256 931 1348 962 esse
1379 930 1464 961 non
1497 931 1621 973 posse
1652 917 1929 961 manifestum
1960 919 2048 968 est,
2090 916 2204 971 quod

211 986 408 1031 Reiskius
453 987 611 1040 voluit,
670 988 963 1032 accusatorem
1005 1000 1090 1031 non
1137 987 1315 1031 eandem
1356 987 1514 1032 habere
1563 987 1820 1031 sententiam
1870 986 1922 1029 de
1962 998 2034 1029 reo
2076 987 2204 1042 atque

210 1054 386 1101 iudices.
446 1054 558 1100 Nam
586 1056 886 1113 praeterquam
917 1055 1030 1112 quod
1058 1053 1159 1098 talis
1191 1055 1427 1100 enuntiatio
1458 1055 1680 1113 particulis
1710 1052 1806 1098 οὔτε
1833 1079 1885 1085 —-
1923 1051 2025 1097 οὔτε
2053 1053 2205 1110 positis

213 1138 299 1169 non
315 1160 326 1165 -
339 1125 443 1168 satis
485 1127 584 1180 apte
623 1125 794 1168 videtur
834 1124 996 1177 efferri,
1039 1125 1133 1180 ipsa
1172 1138 1336 1180 quoque
1363 1127 1575 1169 sententia
1606 1127 1721 1170 stare
1749 1137 1834 1169 non
1862 1137 1987 1181 posse
2016 1125 2205 1180 apparet.

214 1193 470 1250 Sequeretur
498 1193 612 1237 enim
643 1194 693 1236 ut
722 1195 968 1247 accusator,
997 1193 1034 1238 si
1061 1193 1271 1238 iudicibus
1299 1207 1421 1238 reum
1451 1194 1522 1238 vel
1551 1194 1734 1238 maxime
1754 1194 1991 1238 invalidum
2013 1205 2063 1236 ac
2084 1192 2206 1235 debi-

212 1262 299 1307 lem
326 1262 544 1306 hominem
573 1274 665 1307 esse
697 1263 979 1308 sentientibus
1009 1262 1269 1307 contrariam
1297 1264 1464 1308 teneret
1492 1264 1773 1317 sententiam,
1803 1275 1880 1319 pro
1911 1262 2086 1307 robusto
2108 1275 2208 1306 eum

214 1334 258 1379 et
295 1332 437 1378 valido
472 1333 643 1377 homine
683 1332 838 1378 habere
879 1332 1112 1385 diceretur,
1159 1332 1330 1389 qualem
1369 1333 1563 1390 quamvis
1601 1333 1775 1379 simulet
1816 1345 1916 1377 vere
1954 1345 2048 1377 esse
2079 1345 2205 1376 accu-

215 1404 354 1457 sator,
382 1404 527 1448 tamen
560 1401 613 1446 ab
644 1414 717 1445 reo
747 1414 831 1447 non
861 1402 1002 1460 potuit
1031 1401 1265 1459 significari
1294 1404 1513 1459 tamquam
1542 1416 1643 1447 vera
1671 1403 1806 1460 ipsius
1827 1403 2087 1447 accusatoris
2108 1414 2206 1445 sen-

213 1472 369 1525 tentia,
418 1484 550 1528 quum
588 1471 643 1515 ad
679 1470 723 1514 id
759 1473 875 1516 certe
914 1472 1087 1516 minime
1127 1471 1361 1528 pertineret
1398 1472 1510 1528 quod
1546 1474 1627 1516 hoc
1665 1473 1759 1516 loco
1800 1472 2087 1517 necessarium
2115 1473 2209 1516 erat

216 1540 340 1585 effici.
411 1541 508 1586 Huc
548 1539 714 1586 accedit
753 1541 864 1599 quod
904 1544 997 1586 tum
1037 1543 1114 1586 aut
1151 1540 1258 1585 nihil
1295 1541 1527 1598 quidquam
1555 1542 1804 1599 impediret,
1847 1542 2075 1598 quominus
2110 1554 2209 1587 reus

215 1610 432 1656 archontis
459 1610 762 1669 magistratum
794 1611 946 1663 iniret,
975 1610 1011 1654 si
1039 1611 1092 1655 ab
1123 1612 1370 1656 accusatore
1400 1610 1567 1656 validus
1599 1624 1691 1656 esse
1721 1612 1837 1655 recte
1868 1611 2103 1665 diceretur,
2135 1614 2211 1656 aut

124 1724 126 1726 ,
214 1681 330 1726 certe
360 1679 618 1738 litigandum
647 1682 761 1726 esset
789 1680 901 1726 inter
928 1681 1045 1737 ipsos
1074 1680 1236 1726 iudices
1264 1683 1309 1726 et
1329 1682 1645 1735 accusatorem,
1675 1680 1774 1725 illos
1804 1680 1977 1737 quidem
1997 1681 2210 1727 sententia

216 1748 268 1793 de
307 1749 552 1794 valetudine
583 1749 647 1794 rei
673 1750 799 1795 inter
818 1763 864 1794 se
897 1749 1199 1807 discrepantes.
1263 1750 1386 1806 Quod
1415 1764 1545 1808 quam
1573 1763 1659 1795 non
1691 1752 1839 1808 aptum
1867 1751 1930 1795 sit>
1950 1751 2004 1795 ad
2034 1752 2208 1796 senten-

212 1820 299 1867 tiae
339 1819 550 1866 rationem
593 1819 741 1874 facile,
795 1820 966 1879 opinor,
1017 1823 1206 1879 apparet.
1296 1822 1433 1866 Immo
1480 1821 1741 1867 contrarium
1787 1821 2077 1879 exspectatur,
2125 1833 2209 1878 quo

214 1890 406 1948 sequitur
438 1892 482 1936 et
506 1889 695 1936 iudicum
727 1892 772 1935 et
793 1891 1075 1945 accusatoris,
1104 1891 1140 1935 si
1162 1903 1311 1937 verum
1332 1892 1523 1949 quaeris,
1554 1904 1724 1936 summa
1743 1892 1976 1936 consensio.
2025 1893 2083 1936 Et
2100 1890 2211 1936 illud

215 1961 387 2019 quidem
423 1961 561 2006 inesse
591 1959 761 2006 videtur
790 1962 837 2005 in
865 1961 1006 2007 verbis
1020 1995 1032 2016 ,
1084 1960 1227 2019 qualia
1254 1961 1368 2019 apud
1397 1962 1570 2019 Lysiam
1597 1962 1739 2019 ipsum
1769 1961 2009 2006 invenimus
2039 1961 2209 2018 scripta·

215 2029 497 2077 cavillantem
528 2030 641 2076 enim
673 2032 818 2088 aperte
848 2044 969 2077 reum
999 2032 1051 2077 de
1080 2030 1294 2078 sententia
1321 2030 1427 2078 facit
1449 2045 1548 2078 cum
1579 2032 1850 2085 accusatore,
1882 2043 2010 2089 quem
2038 2032 2211 2077 nomine

217 2099 548 2157 discrepantem,
576 2113 623 2144 re
654 2113 757 2145 vera
784 2102 1006 2147 concinere
1039 2101 1143 2147 dicit
1173 2115 1271 2146 cum
1290 2102 1525 2155 iudicibus,
1555 2105 1629 2156 ut,
1662 2101 1855 2159 quamvis
1876 2102 1920 2145 in
1941 2103 2211 2147 accusatione

215 2170 346 2228 neget
383 2169 445 2214 rei
484 2168 751 2215 debilitatem
790 2171 1001 2229 corporis,
1050 2173 1195 2217 tamen
1236 2170 1332 2229 ipsa
1371 2184 1501 2229 quam
1536 2184 1608 2216 reo
1650 2170 1818 2217 invidus
1853 2171 2052 2217 intendat
2082 2183 2212 2216 causa

218 2238 324 2284 satis
365 2238 609 2296 significet,
648 2251 748 2285 vere
785 2252 884 2285 eum
923 2241 1005 2286 sibi
1043 2240 1178 2287 videri
1206 2241 1443 2287 invalidum
1475 2244 1519 2287 et
1545 2242 1775 2287 infirmum.
1834 2241 1945 2286 Tum
1974 2241 2212 2287 rectissime

217 2311 320 2354 sunt
348 2308 574 2354 coniuncta
603 2322 654 2354 ea
686 2322 792 2367 quae
824 2313 1084 2366 sequuntur:
1128 2311 1277 2364 „Nam
1307 2312 1392 2356 huc
1423 2312 1563 2365 venit,
1590 2314 1811 2369 tamquam
1839 2310 1890 2355 de
1911 2311 2051 2356 nubili
2070 2311 2214 2369 aliqua

217 2378 385 2435 puella,
430 2377 484 2422 ad
530 2391 660 2435 quam
698 2380 793 2424 tota
818 2380 1034 2436 pertineat
1061 2380 1299 2433 hereditas,
1344 2381 1396 2426 de
1422 2394 1519 2427 mea
1548 2394 1718 2427 mecum
1744 2379 1966 2425 debilitate
1994 2381 2214 2438 litigatum

217 2448 421 2506 vobisque
467 2460 739 2505 persuasum,
792 2463 862 2496 me
908 2462 994 2495 non
1043 2450 1177 2496 talem
1221 2463 1314 2496 esse
1367 2452 1538 2508 qualem
1573 2464 1649 2497 vos
1683 2462 1831 2496 omnes
1872 2449 2006 2496 oculis
2044 2449 2212 2505 videtis,

217 2515 294 2561 sed
322 2529 422 2571 vos,
451 2517 620 2576 opinor,
649 2519 789 2576 magis
819 2518 948 2567 fidem
976 2520 1143 2565 habetis
1174 2521 1329 2565 vestris
1358 2521 1492 2566 oculis
1514 2533 1642 2578 quam
1661 2520 1795 2578 ipsius
1815 2520 1958 2565 verbis
1968 2524 1992 2543 ‘⁴
2013 2520 2054 2562 h.
2076 2531 2113 2563 e.
2135 2532 2213 2564 vos

218 2598 289 2630 me
330 2599 408 2644 pro
444 2586 633 2634 invalido
673 2601 724 2635 ac
756 2588 886 2636 debili
912 2589 1106 2644 homine,
1151 2603 1249 2636 vere
1278 2592 1330 2636 ut
1360 2603 1478 2645 sum,
1523 2590 1713 2644 habetis,
1755 2591 1806 2635 ut
1836 2589 1942 2635 mihi
1973 2587 2069 2633 vitii
2096 2586 2218 2634 illius

1889 2665 1915 2702 2
