2436 3053
2130 103 2185 148 15

98 231 102 233 ‘
195 187 421 283 propterea
440 223 555 279 quod
573 221 790 277 proverbii
810 198 994 276 speciem
1015 222 1060 263 et
1078 220 1260 262 formam
1279 219 1437 262 referat
1456 219 1670 275 praesenti
1688 221 1878 274 tempore
1900 221 1955 263 sit
1976 233 2187 300 expressa.

119 309 124 313 ·
196 295 281 342 Sed
320 293 468 339 dubito
499 306 604 337 num
634 289 842 336 eiusmodi
873 289 1117 335 defensione
1145 289 1278 334 verba
1305 287 1383 333 1113
1420 288 1583 333 firmari
1619 288 1797 345 possint.
1856 289 1970 335 Nam
2000 290 2035 336 si
2066 292 2184 337 recte

194 364 327 423 habet
367 361 486 408 illud
508 361 619 420 quod
649 361 688 419 §-
713 364 768 404 14
796 359 957 417 legitur
995 355 1035 403 εἰ
1062 355 1212 414 μέντοι
1237 373 1280 401 τι
1308 355 1440 416 μέρος
1467 355 1668 417 περίεστι
1696 360 1784 401 τῶν
1815 356 2061 403 πολιτῶν“
2045 356 2092 413 o',
2140 375 2185 402 τι

194 436 284 478 τῶν
308 430 431 477 adm*
432 449 456 474 ν
483 430 664 488 μετέσχε
691 427 832 487 τούτῳ
862 425 1153 486 πραγμάτων,
1186 428 1279 483 μετ’
1300 424 1494 481 ἐκείνων,
1526 424 1602 470 ἐάν
1626 443 1758 482 ποτε,
1788 444 1812 471 ο
1843 428 1911 487 μὴ
1937 428 2188 486 γένοιτο,

195 502 365 560 λάβωσι
406 501 485 560 τὴν
522 497 679 555 πόλιν,
728 495 950 556 βουλεύειν
989 494 1179 552 ἀξιούτω
1216 497 1267 543 (10
1305 497 1402 543 bon.
1437 486 1657 554 Aristoph.
1688 498 1726 554 ἕ.
1759 503 1813 544 38
1842 525 1903 532 —-
1931 502 2006 543 νῦν
2044 496 2187 545 τοίνυν

194 588 235 619 ει
260 567 518 633 δημεύσαιτε
546 569 601 615 τὰ
635 536 882 627 Τιμοθέου,
912 560 939 612 ὃ
966 565 1035 628 μὴ
1067 563 1293 626 γένοιτο
1322 566 1413 612 κτλ.
1441 568 1565 613 1)0111.
1587 580 1621 612 0.
1643 568 1748 615 Mid.
1770 568 1807 625 g.
1832 572 1916 614 209
1947 583 1988 628 p.
2011 574 2109 615 581.
2141 566 2182 614 εἶ

195 642 415 702 γένοιντο,
460 658 484 686 ο
513 642 581 701 μὴ
610 640 834 699 γένοιτο
865 632 976 681 οὐδ’
1005 635 1154 692 ἔσται,
1184 632 1303 681 οὗτοι
1333 634 1472 696 κύριοι
1500 640 1579 697 τῆς
1610 637 1862 694 πολιτείας,
1893 642 2040 684 tamen
2068 641 2178 685 alius

194 714 321 772 plane
361 712 530 771 generis
561 713 627 757 est
653 709 768 767 quod
794 707 900 753 dixit
928 707 1099 765 Lysias.
1145 708 1252 766 „qui
1282 721 1359 753 vos
1386 709 1597 765 prodidit,
1641 723 1746 767 quos
1773 709 1940 756 videret
1968 710 2181 768 prosperis

193 796 338 829 10111111
370 782 636 828 successibus
665 780 886 831 fiorenteS‚
915 777 1015 835 quid
1044 777 1118 821 ille
1147 777 1300 822 fuisset
1327 792 1506 824 ausurus
1519 813 1530 833 ‚
1562 781 1599 823 si
1629 793 1707 824 vos
1739 781 1875 826 secius
1897 782 2025 838 atque
2046 780 2181 825 velle-

193 866 291 897 mus
320 865 390 895 103
419 852 616 908 gerentes
644 849 864 894 vidisset.“
922 849 1007 891 Hic
1034 848 1206 903 quidem
1236 860 1321 891 non
1351 849 1474 893 video
1487 883 1497 901 ‚
1529 850 1739 905 quomodo
1768 851 2026 895 indicativus
2055 864 2181 906 prae-

195 921 327 966 sentis
361 920 505 964 addito
534 916 592 977 μή
628 923 724 963 011111
751 914 812 970 ὡς
841 918 1090 962 coniunctus
1119 917 1255 972 possit
1286 918 1498 973 explicari.
1558 918 1610 962 Id
1645 920 1788 977 potius
1829 920 1980 964 eadem
2014 920 2180 965 ratione

194 992 287 1036 erat
326 990 551 1035 dicendum
591 1002 673 1047 qua
709 988 821 1045 apud
848 989 1083 1032 Homerum
1122 986 1281 1043 legitur
1310 987 1389 1031 Od.
1418 988 1499 1032 XV
1512 1022 1523 1041 ‚
1565 993 1648 1033 358
1679 986 1706 1047 ἡ
1746 988 1784 1032 δ’
1815 985 1914 1043 ἄχεϊ
1938 983 1988 1032 οὗ
2017 988 2182 1042 παιδὸς

193 1058 431 1119 ἀπέφθιτο
485 1055 741 1113 κυδαλίμοιο
789 1055 1032 1114 Λευγαλέῳ
1090 1055 1296 1114 θανάτῳ,
1368 1054 1437 1109 ὡς
1483 1057 1555 1116 μὴ
1607 1058 1802 1111 θάνοι,
1862 1056 1985 1111 ὅστις
2032 1056 2180 1116 ἔμοιγε

187 1123 376 1174 Ἐνθάδε
405 1124 617 1172 ναιετάων
647 1124 778 1187 φίλος
805 1122 873 1185 εἴη
899 1124 974 1169 καὶ
1005 1122 1116 1184 φίλα
1146 1123 1277 1184 ἕρδοι.
1311 1126 1387 1170 Od.
1409 1128 1442 1180 Ι,
1473 1131 1543 1172 47.
1574 1125 1650 1171 καὶ
1671 1124 1768 1186 λίην
1789 1123 1930 1180 κεῖνός
1948 1144 1996 1186 γε
2016 1126 2201 1175 ἐοικότι·

193 1201 336 1243 κεῖται
365 1192 564 1256 ὄλέθρω,
585 1194 666 1250 Ὦς
695 1191 912 1241 ἀπόλοιτο
942 1195 1016 1240 καὶ
1045 1192 1187 1251 ἄλλος,
1219 1193 1313 1248 ὅτις
1337 1193 1522 1240 τοιαῦτά
1550 1212 1598 1254 γε
1627 1195 1743 1256 ῥέζοι
1763 1200 1807 1242 et
1826 1199 1892 1251 H,
1925 1203 2009 1243 183
2044 1195 2182 1243 ὤλετο

192 1268 312 1327 τῆλ’,
336 1265 395 1319 ὡς
432 1265 508 1310 καὶ
547 1265 600 1310 σὺ
641 1264 963 1324 καταφθίσθαι
1002 1264 1078 1309 σὺν
1117 1263 1271 1322 ἐκείνῳ
1295 1262 1494 1323 ’Ώφελεςπ
1560 1267 1681 1312 Dem.
1713 1268 1818 1313 Mid.
1833 1259 1836 1261 ³
1850 1269 1888 1323 ἕ.
1921 1272 1976 1312 78
2018 1282 2059 1325 p.
2093 1272 2177 1313 539

191 1333 319 1396 ἡνίκα
356 1335 436 1390 τὰς
473 1334 599 1389 δίκας
637 1333 789 1390 ἔλαχον
818 1339 904 1380 τῶν
936 1329 1152 1392 πατρῴων
1181 1336 1278 1386 τοῖς
1308 1330 1574 1392 ἐπιτρόποις
1600 1333 1902 1394 μειρακύλλιον
1930 1333 1989 1380 ὧν
2020 1337 2181 1396 κομιδῇ

104 1428 108 1431 ·
192 1404 268 1450 καὶ
305 1409 461 1450 τοῦτον
499 1402 586 1450 οὐδ’
626 1402 667 1449 εἰ
705 1403 874 1462 γέγονεν
912 1401 1041 1457 εἰδὼς
1079 1401 1180 1448 οὐδὲ
1210 1400 1478 1461 γιγνώσκων,
1521 1402 1589 1457 ὡς
1626 1404 1767 1464 μηδὲ
1802 1407 1897 1448 νῦν
1937 1402 2178 1464 ὤφελον,

190 1472 293 1520 τότε
325 1476 416 1520 κτλ.
476 1476 579 1519 Lude
609 1477 807 1532 apparet,
845 1476 928 1519 nisi
956 1475 1095 1518 maius
1124 1474 1254 1517 etiam
1282 1473 1456 1530 aliquod
1484 1475 1594 1518 latet
1622 1476 1799 1527 vitium,
1834 1500 1888 1505 —
1926 1489 2058 1532 quum
2085 1479 2180 1521 tota

190 1545 267 1590 illa
297 1545 434 1603 optati
460 1545 598 1590 forma
624 1545 780 1589 mirum
811 1544 971 1601 aliquid
1000 1544 1159 1588 habeat
1188 1557 1237 1588 30
1268 1543 1483 1606 singulare
1515 1570 1562 1575 -
1599 1544 1712 1601 apud
1732 1545 1904 1603 Lysiam
1935 1548 2050 1591 certe
2072 1547 2178 1591 scri-

191 1614 378 1660 bendum
422 1628 514 1660 esse
550 1616 626 1660 aut
666 1611 727 1666 ὠς
767 1612 825 1672 μὴ
862 1610 1224 1669 βουλώμεθα,
1268 1615 1343 1659 aut
1382 1614 1494 1669 quod
1524 1614 1663 1671 magis
1693 1615 1799 1660 mihi
1827 1615 1970 1672 placet
1999 1613 2071 1668 ὥς
2109 1616 2178 1674 μὴ

190 1682 558 1740 βουλοίμεθα.
619 1684 734 1728 Ν3111
762 1695 840 1740 pro
871 1696 920 1727 00
950 1683 1061 1740 (111οᾶ
1090 1683 1171 1727 (1101
1200 1684 1341 1739 potuit
1366 1679 1425 1734 ὡς
1452 1680 1676 1740 μηδέποτε
1696 1682 1866 1740 γένοιτο
1885 1685 2026 1742 potius
2047 1686 2178 1729 fuisse

123 1806 125 1809 v
190 1754 359 1798 videtur
392 1753 552 1797 oratori
582 1752 718 1796 dicere
748 1749 808 1804 ὡς
837 1751 897 1810 μὴ
926 1751 1203 1809 βουλοίμεθα
1216 1789 1226 1807 ,
1276 1755 1327 1797 ut
1354 1752 1614 1808 significaret
1642 1754 1976 1809 perniciosorum
2011 1754 2174 1811 aliquot

192 1822 350 1869 civium
377 1821 579 1868 hostilem
606 1835 710 1880 erga
738 1821 923 1879 patriam
952 1822 1153 1868 animum.
1180 1848 1236 1855 —-
1281 1856 1283 1860 ⁴

338 1962 459 2006 Haec
479 1961 581 2006 dum
610 1962 874 2006 commentor
892 1961 938 2005 in
957 1961 1205 2007 memoriam
1225 1961 1343 2005 venit
1363 1960 1514 2005 similis
1533 1961 1652 2006 locus
1665 1995 1675 2015 ,
1708 1962 1758 2005 (10
1779 1974 1862 2019 (1110
1883 1963 2068 2008 multum
2089 1964 2176 2008 iam

192 2046 219 2077 3
243 2032 346 2077 viris
366 2032 503 2076 doctis
524 2033 591 2076 est
610 2032 898 2087 disputatum,
928 2033 973 2076 in
992 2033 1110 2076 Orat.
1134 2031 1243 2075 XIX
1261 2044 1339 2087 pro
1360 2032 1483 2076 bonis
1502 2032 1804 2088 Aristophanis
1823 2032 1861 2087 ἓ.
1884 2036 1938 2075 38
1960 2046 2001 2088 p.
2025 2038 2110 2077 638
2126 2034 2177 2077 R.

188 2104 261 2147 νῦν
280 2099 427 2147 τοίνυν
449 2098 489 2146 εἶ
508 2097 767 2160 δημεύσαιτε
787 2100 843 2146 τὰ
864 2099 1094 2158 Τιμοθέου
1108 2127 1167 2134 --
1181 2093 1208 2146 ὃ
1226 2099 1287 2161 μὴ
1306 2098 1492 2159 γένοιτο,
1513 2099 1552 2147 εἰ
1573 2099 1634 2161 μή
1652 2118 1698 2146 τι
1716 2099 1865 2158 μέλλει
1878 2099 1993 2159 μέγα
2007 2098 2178 2159 ἀγαθὸν

190 2168 378 2216 ἔσεσθαι
407 2174 460 2231 τῇ
489 2170 621 2215 πόλει
644 2196 704 2204 --
733 2168 900 2215 ἐλάττω
932 2168 1009 2215 ἐὰν
1038 2168 1088 2225 ἐξ
1117 2168 1255 2215 αὐτῶν
1284 2169 1509 2230 λάβοιτ”ἢ
1539 2170 1587 2215 ἐκ
1608 2171 1715 2229 (cod.
1735 2173 1871 2217 Palat„
1893 2171 1971 2230 τὴν
1995 2170 2043 2214 ἐκ
2064 2173 2174 2229 κτλ.)

189 2240 276 2284 τῶν
290 2237 635 2299 Ἀριστοφάνους
659 2238 899 2298 γεγένηται,
929 2236 1085 2284 τούτου
1114 2237 1237 2284 ἕνεκα
1267 2234 1435 2293 ἇξιοῖτε
1466 2239 1520 2285 ὂν
1551 2239 1651 2291 τοὺς
1670 2236 1934 2297 α’ναγκαίαυς
1952 2242 2040 2283 τῶν
2060 2238 2177 2283 ἐκεί-

190 2325 275 2353 νων
303 2308 361 2354 τὰ
389 2307 564 2369 σφέτερ’
593 2305 736 2355 αὐτῶν
766 2305 1073 2364 ἅπολωλέναις
1101 2309 1218 2364 Quae
1247 2309 1380 2355 verba
1407 2310 1537 2356 variis
1564 2310 1805 2356 nominibus
1831 2311 2032 2368 suspecta
2063 2311 2175 2355 sunt.

190 2378 343 2425 Studet
371 2380 661 2427 demonstrare
690 2381 851 2433 orator,
882 2379 1051 2437 saepius
1080 2379 1242 2425 factum
1270 2392 1362 2425 esse
1375 2413 1386 2434 ‚
1415 2382 1466 2425 ut
1496 2380 1607 2425 bona
1628 2381 1731 2426 civis
1752 2381 1933 2425 alicuius
1954 2380 2174 2437 publicata

188 2450 325 2494 multo
357 2450 524 2494 minora
563 2463 655 2495 0330
688 2451 943 2508 apparerent
980 2462 1110 2507 quam
1140 2452 1266 2495 antea
1296 2452 1439 2494 essent
1469 2450 1650 2503 credita,
1694 2450 1891 2507 idemque
1922 2451 2014 2495 sine
2044 2449 2172 2494 dubio

190 2517 320 2563 et'um
350 2522 604 2566 eventurum
633 2533 725 2566 0330
747 2520 935 2566 affirmat
954 2519 1014 2574 si,
1042 2519 1088 2564 id
1109 2520 1223 2576 quod
1243 2521 1425 2578 exempli
1445 2534 1572 2566 031133
1594 2520 1733 2577 ponit,
1765 2520 1840 2566 sed
1860 2520 1922 2566 ita
1941 2522 1991 2565 ut
2009 2518 2171 2564 malum

189 2597 312 2633 omen
343 2589 538 2636 avertere
569 2589 763 2645 studeat,
800 2589 1014 2637 Timothei
1038 2589 1148 2637 bons
1172 2589 1363 2637 futurum
1394 2589 1451 2635 sit
1479 2591 1529 2635 ut
1556 2588 1837 2648 publicentur.
1896 2589 1957 2633 At
1987 2587 2031 2632 id
2059 2587 2175 2646 quod
