2436 3053
235 98 267 141 6

237 213 424 271 primum
464 216 797 266 commemorat,
838 214 1195 269 quemadmodum
1237 216 1392 271 reliqui
1433 217 1548 261 cives
1576 216 1769 263 futurum
1797 218 1857 262 sit
1885 221 1935 264 ut
1960 219 2122 270 animis
2143 220 2239 265 affl-

240 283 428 345 ciuntur,
461 296 567 338 quos
597 275 940 339 indignabundus
969 284 1140 339 culpam
1160 285 1352 328 omnium
1371 286 1542 329 omnino
1564 286 1776 331 scelerum
1795 288 1849 331 ab
1870 288 2069 337 Euandro
2089 291 2239 346 postea

239 352 565 412 commissorum
593 352 803 397 iudicibus
832 351 938 397 dicit
964 352 1251 410 imputaturos
1272 367 1387 406 esse,
1417 356 1671 412 praesertim
1689 370 1903 404 memores
1923 358 2237 416 Thrasybulum

207 462 210 469 ,
239 421 285 465 in
316 434 445 466 causa
476 434 590 474 esse,
622 421 735 479 quod
754 421 992 468 Leodamas
1023 422 1295 479 reprobatae,
1326 423 1523 469 Euander
1551 426 1700 470 contra
1724 426 1930 482 probatus
1950 428 2108 474 fuerit„
2142 428 2237 474 Iam

242 490 375 534 etiam
406 490 555 536 adiicit
584 491 697 547 quod
726 490 867 535 maius
896 493 984 543 est,
1022 492 1092 535 vel
1128 492 1244 547 ipsos
1272 492 1437 538 iudices
1472 494 1518 537 in
1547 494 1737 539 omnium
1765 495 1974 543 invidiam
2003 511 2054 543 ac
2087 511 2235 556 repre·

237 561 487 604 hensionem
508 573 601 604 esse
632 561 876 605 incursuros
888 593 899 612 ‚
938 573 1043 614 quos
1064 561 1264 605 Euandro
1294 577 1379 606 non
1400 563 1557 606 reiecto
1577 564 1663 607 iam
1682 568 1885 621 appareat
1904 567 2237 614 Leodamantem

239 629 646 691 noninsta‘ratione
668 628 743 672 sed
764 641 865 672 suae
885 629 1077 685 ipsorum
1095 629 1262 673 libidini
1281 631 1554 689 indulgentes
1569 632 1875 688 reprobavisse.
1904 635 2047 693 Atque
2068 650 2120 681 ea
2138 649 2236 680 sen-

235 698 375 743 tentia
409 711 495 743 non
523 700 610 750 est,
657 711 731 742 cur
763 710 846 742 non
877 697 1103 742 adficiatur
1131 699 1184 743 iis
1213 700 1319 755 ipsis
1346 713 1454 757 quae
1486 704 1717 758 sequuntur
1746 704 1887 750 verbis
1915 702 1942 763 ἢ
1971 703 2261 760 πειθόμενοι1

236 766 315 825 (sc.
342 764 653 824 Θρασυβούλῳ)
675 770 775 819 πῶς
800 764 852 809 ι’ὶν
874 763 1031 810 οἴεσθε
1050 767 1367 825 διαβληθῆναι,
1393 783 1501 824 quae
1522 771 1696 832 quidem
1716 787 1815 818 cum
1834 774 1878 818 vi
1897 773 2082 831 quadam
2102 786 2235 832 oppo-

236 837 321 882 sita
341 839 518 893 apparet
535 836 760 881 referenda
781 849 873 881 esse
895 837 950 881 ad
970 836 1077 881 illud
1100 838 1212 894 quod
1233 840 1360 883 antea
1380 837 1546 884 dixerat
1566 843 1665 892 πῶς
1685 838 1841 887 ciza&
1861 844 1914 887 τὸ
1933 839 2041 888 iimo
2055 843 2235 902 πλῆθος

234 910 326 958 γῶν
354 906 549 949 πολιτῶν
577 903 910 958 διακείσεσθαι,
940 908 990 949 ut
1010 906 1117 949 nihil
1145 906 1366 961 praeterea
1386 909 1628 963 requiratur
1648 910 1702 953 ad
1723 924 1818 954 eam
1839 924 1946 967 quae
1967 913 2234 968 exspectatur

236 966 495 1020 sententiam
526 975 903 1020 consummandam
933 988 1011 1019 nec
1037 976 1326 1021 necessarium
1347 990 1439 1022 esse
1459 978 1654 1023 videatur
1673 979 1782 1023 haec
1802 982 1934 1026 verba
1954 994 2006 1026 ea
2024 982 2234 1038 interpre-

234 1046 320 1090 tari
340 1046 523 1097 ratione,
557 1058 640 1100 qua
660 1046 867 1101 Taylorus
889 1044 1047 1097 voluit,
1077 1058 1203 1101 quem
1225 1045 1446 1091 Scheibius
1467 1047 1643 1091 Emend.
1664 1049 1762 1102 Lys.
1783 1062 1823 1104 p.
1846 1055 1899 1093 31
1926 1053 2095 1095 secutus
2117 1053 2194 1095 est.
2238 1081 2241 1084 -

384 1184 547 1227 Verum
576 1184 630 1228 ab
660 1184 729 1226 his
758 1183 934 1226 incertis
966 1182 1021 1226 ad
1054 1183 1238 1228 certiora
1268 1186 1318 1228 ut
1347 1186 1817 1242 131311868111,,163ἰι111;111
1849 1186 1920 1230 Or.
1943 1187 2086 1232 XXIV
2117 1184 2239 1243 ὑπὲρ

234 1256 313 1296 τοῦ
346 1248 560 1296 ἀδυνάτου
588 1254 625 1307 ἕ.
651 1258 705 1294 14
736 1266 776 1308 p.
802 1256 888 1296 750
908 1254 959 1296 R.
986 1253 1092 1296 haec
1124 1254 1255 1297 verba
1286 1247 1397 1296 ἀλλὰ
1424 1253 1505 1311 γὰρ
1539 1251 1638 1297 οὔτε
1666 1252 1793 1308 ὑμεῖς
1821 1251 1963 1313 τούτῳ
1992 1255 2070 1314 τὴν
2099 1249 2235 1313 αὐτὴν

233 1319 351 1377 &stete
390 1319 563 1380 γνώμην
576 1355 587 1374 ,
630 1318 730 1364 οὔθ’
765 1314 891 1372 οὗτος
919 1315 968 1364 εὖ
999 1323 1165 1373 ποιῶν,
1210 1335 1318 1377 quae
1349 1334 1609 1378 quamquam
1638 1323 1884 1378 plerumque
1915 1338 1992 1380 pro
2020 1324 2233 1380 corruptis

233 1394 336 1437 sunt
360 1393 534 1444 habita,
564 1393 711 1434 tamen
739 1403 844 1434 sana
871 1403 964 1435 esse
995 1404 1063 1434 me
1093 1391 1374 1446 probaturum
1404 1403 1511 1435 esse·
1527 1404 1662 1447 spero.
1714 1390 1837 1444 Quod
1855 1405 1938 1447 quo
1961 1393 2120 1436 certius
2141 1393 2232 1444 fiat,

231 1461 418 1518 primum
450 1461 503 1504 de
533 1460 842 1503 sententiarum
872 1459 1035 1502 ratione
1048 1493 1058 1511 ,
1088 1460 1133 1502 iu
1164 1472 1249 1513 qua
1278 1460 1405 1502 cardo
1437 1460 1499 1502 rei
1520 1461 1739 1511 versatur,
1770 1461 1917 1515 paucis
1938 1460 2233 1517 explicandum

231 1530 340 1574 mihi
367 1542 459 1573 esse
479 1529 617 1573 video.
667 1527 811 1584 Atque
834 1542 931 1572 reus
952 1528 1319 1585 indignabundus,
1349 1525 1462 1583 quod
1490 1531 1713 1573 accusator
1744 1530 1858 1573 oboli
1877 1529 2046 1586 publice
2068 1529 2233 1585 accepti

231 1599 509 1651 beneficium,
552 1600 602 1642 ut
642 1597 754 1653 quod
785 1597 1005 1642 decretum
1036 1598 1094 1643 sit
1125 1596 1368 1641 hominibus
1394 1597 1540 1654 egenis
1571 1599 1616 1642 et
1646 1598 1868 1652 invalidis,
1916 1598 2120 1656 denegari
2148 1598 2232 1642 sibi

232 1668 438 1720 voluerit,
484 1667 597 1723 qnod
638 1680 760 1711 reum
800 1668 950 1723 opibus
990 1670 1034 1711 et
1072 1667 1261 1723 corporis
1304 1666 1508 1711 firmitate
1536 1667 1680 1711 valere
1707 1667 1892 1721 diceret,
1939 1670 2234 1712 accusatorem

233 1739 303 1783 hic
344 1751 512 1795 quoque
552 1739 602 1782 ut
640 1737 727 1782 iam
766 1751 893 1794 supra
923 1737 1137 1782 irridendo
1174 1739 1220 1782 et
1246 1737 1486 1782 cavillando
1520 1738 1705 1783 refutare
1733 1739 1898 1791 studet,
1942 1752 2075 1795 quum
2104 1738 2232 1791 dicat,

232 1810 344 1864 hanc
385 1809 422 1852 si
461 1808 537 1853 ille
577 1808 690 1865 apud
729 1807 891 1851 iudices
930 1808 1124 1852 obtineat
1154 1807 1412 1851 sententiam
1425 1841 1435 1859 ‚
1469 1807 1576 1851 nihil
1606 1807 1837 1865 quidquam
1865 1820 2011 1853 morae
2044 1808 2237 1852 futurum
2320 1842 2322 1844 v
2356 1843 2365 1846 -

233 1892 348 1931 esse,
381 1879 481 1935 quin
513 1880 557 1921 et
584 1878 676 1933 ipse
706 1878 928 1921 sortitione
959 1878 1074 1921 facta
1104 1878 1149 1920 in
1180 1890 1335 1921 novem
1366 1878 1621 1921 archontum
1647 1890 1870 1921 numerum
1901 1878 2159 1931 asciscatur,
2196 1879 2241 1921 et

222 1951 428 2005 ‘ereptum
460 1948 541 1992 sibi
572 1949 622 1992 ut
652 1960 754 1991 sano
787 1947 901 1991 oboli
931 1947 1186 1991 beneficium
1222 1947 1462 1991 accusatori
1490 1947 1634 2003 potius
1666 1947 1720 1991 ab
1750 1946 1962 1991 iudicibus
1992 1948 2042 1991 ut
2070 1938 2238 1991 homini

234 2018 364 2061 debili
404 2018 669 2062 decernatur.
730 2017 843 2061 Nam
884 2017 975 2060 veri
1009 2030 1094 2060 non
1134 2029 1226 2060 esse
1269 2016 1432 2068 simile,
1478 2029 1606 2072 quem
1643 2016 1804 2060 indices
1841 2019 2016 2073 propter
2052 2029 2154 2074 opes
2194 2018 2239 2060 et

232 2087 390 2132 bonam
422 2088 486 2131 rei
512 2087 739 2132 familiaris
770 2087 1060 2131 conditionem
1082 2086 1204 2131 obolo
1225 2086 1516 2130 fiandaverint
1529 2119 1540 2138 ‚
1572 2086 1753 2130 elmdem
1773 2089 1948 2142 propter
1968 2086 2237 2130 debilitatem

231 2156 420 2212 corporis
462 2156 716 2200 archontum
753 2154 932 2200 consilio
973 2154 1081 2200 alios
1121 2168 1214 2201 esse
1252 2154 1553 2212 prohibituros.
1612 2155 1704 2199 Iam
1735 2154 1855 2200 addit
1887 2167 1939 2200 ea
1966 2167 2074 2211 quae
2107 2167 2236 2211 supra

230 2225 391 2279 scripta
422 2226 523 2269 sunt
553 2225 706 2276 verba.
748 2238 856 2280 quae
889 2224 1099 2280 quomodo
1131 2223 1380 2280 explicanda
1408 2226 1483 2267 aut
1509 2223 1774 2268 emendanda
1804 2225 1912 2277 sint,
1961 2225 2237 2269 vehementer

231 2293 313 2337 viri
351 2293 466 2337 docti
495 2294 607 2338 alter
636 2295 692 2338 ab
723 2294 859 2338 altero
888 2293 1157 2338 dissentiunt.
1216 2294 1284 2338 Ac
1314 2293 1504 2351 plerique
1534 2307 1636 2338 sane
1666 2296 1904 2350 sequuntur
1925 2293 2110 2351 Sauppii
2130 2305 2234 2337 con·-

229 2362 437 2407 iecturam
465 2360 583 2406 αἴθ’
617 2357 777 2416 οὗτος
805 2358 853 2406 εὖ
884 2367 1047 2416 νοῶν,
1078 2377 1161 2422 qua
1186 2367 1237 2409 ut
1267 2378 1293 2408 a
1321 2364 1564 2408 litterarum
1595 2363 1876 2408 similitudine
1898 2361 2235 2414 commendatur,

228 2433 291 2477 ita
333 2446 419 2477 non
461 2435 600 2490 magis
640 2436 760 2477 recta
801 2433 985 2477 efficitur
1015 2434 1228 2478 sententia
1243 2467 1254 2486 ‚
1302 2446 1428 2490 quam
1458 2446 1508 2477 eo
1539 2433 1654 2489 quod
1682 2433 1755 2477 alii
1781 2433 1915 2477 tutati
1945 2433 2058 2476 sunt.
2120 2431 2237 2476 Nam

230 2502 440 2559 quomodo
480 2515 579 2547 reus
619 2505 915 2548 accusatorem
950 2515 1078 2562 sanae
1108 2503 1266 2548 mentis
1295 2502 1419 2547 laude
1450 2501 1693 2558 praedicare
1723 2502 1911 2558 potuerit
1924 2535 1935 2554 ,
1983 2501 2237 2559 praesertim

227 2584 361 2630 quum
398 2574 602 2629 sequatur
640 2568 664 2615 ὃ
691 2571 772 2627 μὲν
801 2571 883 2629 γὰρ
913 2569 1067 2630 ὥσπερ
1094 2570 1330 2630 ἐπικλήρου
1358 2574 1436 2630 τῆς
1465 2573 1695 2629 συμφορᾶς
1723 2567 1855 2628 οὔσης
1883 2564 2235 2629 ἀμφισβητήσων
2324 2602 2335 2605 -
