2436 3053
208 123 268 169 26

208 235 270 289 ὡς
297 234 567 295 Λεωσθένη.
626 236 737 280 Nolo
766 235 837 279 hic
874 234 1085 291 copiosius
1116 234 1270 279 afferre
1301 234 1444 279 omnia
1472 247 1582 291 quae
1612 225 1874 293 ingeniosius
1896 249 2031 293 ‚quam
2061 240 2203 286 verius
2277 231 2282 233 ’

208 305 435 351 scribenda
481 317 574 350 csse
618 306 932 361 proposuerunt
972 304 1057 349 viri
1097 304 1236 357 docti,
1284 316 1466 361 quorum
1500 304 1578 349 elii
1626 305 1966 362 comparativum
2007 310 2116 364 cum,
2141 306 2207 361 ὥς
2285 369 2288 371 ‚

208 377 485 421 coniunctum
514 375 807 427 retinendum,
839 375 916 419 alii
944 376 1019 419 aut
1037 374 1161 418 inum
1181 376 1259 419 aut
1275 374 1534 431 particulam
1550 374 1801 420 mutandam
1822 388 1916 421 esse
1935 380 2204 424 censuerunt.

207 445 292 491 Sed
320 448 551 500 utrumque
579 444 820 490 necessario
852 446 935 489 erit
964 443 1253 497 retinendum,
1285 446 1361 489 aut
1390 445 1482 488 tota
1508 443 1624 488 illins
1642 444 1730 489 loci
1750 446 1906 491 namra
1924 448 2203 503 pervertetur.

204 516 263 559 Et
291 516 471 571 apparet
497 514 626 559 facile
655 514 764 559 illud
793 510 854 565 ὠς
884 528 969 559 non
998 527 1098 558 cum
1125 513 1418 570 comparativo
1449 514 1524 558 sed
1550 526 1651 559 rcnm
1671 510 1809 566 ὀὕτως
1829 526 1922 558 esse
1941 517 2202 575 coniungen-

204 584 320 628 dum.
397 583 523 638 Quod
564 584 601 627 si
638 586 836 628 tenemus
874 580 1072 640 (οὐδένας
1110 579 1173 625 οὗ
1180 598 1289 635 τως
1329 580 1478 636 αὑτοῖς
1515 579 1805 641 οἰκειοτέρους
1839 580 1941 639 ὑμῖν
1978 580 2094 630 εἶναι
2132 583 2228 639 ὥς·

203 653 499 711 Λεωσθένη),
545 653 862 709 comparativus
900 667 1003 697 sane
1041 652 1149 696 nihil
1186 653 1339 705 habet,
1383 667 1467 709 qno
1503 653 1736 705 referatur,
1790 652 1918 710 idque
1957 656 2071 712 signi
2109 669 2201 703 esse

204 721 398 776 debebit,
431 722 602 780 aliquod
631 723 787 767 vitium
816 722 862 766 in
891 722 996 779 ipsis
1025 721 1112 766 illis
1143 722 1287 768 verbis
1307 722 1534 777 insedisse,
1562 721 1674 780 quod
1693 722 1840 776 facile,
1875 724 2023 780 opinor
2036 758 2047 777 ,
2075 725 2201 771 inda-

202 793 392 848 gaveris,
434 791 509 835 ubi
549 791 884 836 consideraveris
897 823 908 843 ,
953 792 1313 847 comparationem
1351 804 1462 846 quae
1490 792 1741 848 requiritur,
1786 791 1960 838 minime
1988 794 2201 849 pertinere

202 859 256 904 ad
288 861 575 905 Leosthenem
612 862 785 917 eiusque
829 860 966 904 socios
999 873 1098 904 cum
1124 860 1416 917 Aristogitone
1453 862 1497 904 et
1524 860 1761 905 Harmodio.
1798 861 2001 915 collatos,
2043 862 2120 907 sed
2142 863 2201 918 ,ad

198 927 299 973 illos
334 928 451 986 ipsos
490 930 770 989 tyrannicidis
808 930 979 986 praeter
1019 930 1183 973 ceteros
1225 941 1370 974 omnes
1404 928 1688 975 Athenienses
1728 932 1877 987 gratos
1918 932 1962 976 et
1992 933 2199 989 acceptos.

200 998 431 1055 Scripsisse
463 1001 579 1045 enim
608 1000 775 1045 videtur
793 998 1033 1058 Hyperides
1061 995 1243 1050 οὐδένας
1272 996 1412 1051 οὕτως
1444 995 1596 1051 αὐτοῖς
1622 995 1912 1058 οἰκειοτέρους
1941 997 2057 1057 ὑμῶν
2086 995 2200 1047 εἶναι

199 1064 261 1118 ὡς
290 1068 544 1127 Λεωσθένη
575 1070 664 1112 κτλ.
697 1066 929 1126 (neminem
957 1071 1049 1112 tam
1080 1067 1161 1113 sibi
1184 1080 1285 1112 *esse
1312 1068 1432 1112 vobis
1464 1069 1699 1125 gratiorem
1725 1081 1861 1125 quam
1887 1070 2199 1127 Loesthenem).

197 1136 310 1182 Sunt
335 1138 470 1196 igitur
500 1139 801 1197 coniungenda
822 1136 1112 1196 οἰκειοτέρους
1139 1134 1299 1192 ὑμῶν,
1334 1138 1385 1183 ut
1406 1137 1518 1195 quod
1537 1139 1619 1183 hoc
1639 1138 1766 1184 modo
1788 1139 1927 1184 dicere
1945 1139 2122 1193 maluit,
2153 1140 2199 1185 id

199 1207 331 1250 etiam
369 1207 496 1252 aliter
535 1221 782 1264 expressum
822 1207 1064 1264 significare
1104 1206 1293 1262 potuerit
1323 1208 1468 1250 orator
1499 1206 1681 1259 οὐδένας
1709 1205 1849 1259 οὕτως
1877 1204 2053 1251 πάντων
2083 1203 2196 1253 εἶναι

198 1272 350 1327 αὑτοῖς
394 1272 694 1328 οἰκειοτάτους
737 1275 796 1328 ὡς
834 1275 1086 1332 Λεωσθένη
1127 1276 1197 1318 vel
1237 1272 1299 1325 ὡς
1340 1277 1497 1318 omisso
1539 1272 1719 1319 πάντων
1756 1273 1874 1330 ὑμῶν
1913 1274 2199 1334 οἰκειοτέρους

197 1341 350 1396 αὑτοῖς
389 1338 502 1388 εἶναι
531 1343 783 1405 Λεωσθένη
825 1345 915 1388 κτλ.
946 1344 1247 1401 (Leosthenem
1288 1356 1387 1388 cum
1423 1344 1511 1388 suis
1550 1344 1678 1402 longe
1708 1343 1830 1389 vobis
1860 1345 2054 1390 omnibus
2085 1346 2198 1404 apud

197 1427 243 1458 se
274 1415 418 1471 gratia
449 1417 700 1471 praestare).
760 1416 863 1460 Alia
891 1415 1022 1458 etiam
1053 1416 1119 1457 est
1146 1413 1277 1465 ratio,
1324 1427 1407 1469 qua
1436 1414 1530 1470 quis
1561 1414 1742 1459 fortasse
1772 1415 1879 1460 haec
1912 1415 2039 1460 verba
2070 1429 2197 1474 expe-

198 1483 288 1527 dire
316 1483 541 1537 maluerit,
574 1485 624 1528 ut
655 1485 892 1528 occisorum
919 1496 995 1539 pro
1025 1482 1165 1538 patria
1195 1495 1293 1526 cum
1322 1483 1601 1540 tyrannicidis
1629 1484 1900 1529 necessitudo
1926 1487 2196 1542 comparetur

199 1564 298 1596 cum
330 1552 484 1596 ceteris
517 1553 714 1597 omnibus
742 1552 1097 1603 AtheniensibuS,
1132 1564 1318 1608 quorum
1348 1565 1473 1596 nemo
1503 1553 1595 1595 tam
1625 1552 1994 1609 consanguinitate
2025 1555 2070 1599 et
2096 1567 2196 1612 pro-

194 1621 435 1678 pinquitate
478 1623 645 1666 dicatur
686 1624 898 1679 attingere
937 1620 1250 1677 tyrannicidae,
1295 1634 1429 1675 quam
1459 1622 1721 1666 Leosthenes
1758 1623 1858 1666 cuni
1889 1623 2026 1669 sociis.
2086 1625 2197 1669 Tum

195 1704 298 1735 sane
339 1692 613 1737 scribendum
654 1692 736 1736 erit
774 1685 955 1742 οὐδένας
990 1686 1127 1741 οὕτως
1164 1686 1316 1742 αὐτοῖς
1349 1687 1638 1751 οἶοιειοτέρους
1678 1686 1708 1748 ἢ
1734 1688 1835 1746 ὑμῖν
1862 1685 1977 1734 εἶναι
2008 1689 2197 1746 νομίζειν

193 1756 254 1813 ὥς
281 1758 545 1819 Λεωσθένη.
606 1761 767 1805 Verum
793 1761 891 1805 utut
923 1759 1124 1804 statueris
1137 1792 1147 1812 ,
1186 1759 1231 1803 id
1256 1760 1373 1803 certe
1405 1761 1602 1816 apparet,
1635 1762 1805 1805 servata
1835 1760 2045 1817 particula
2073 1762 2117 1805 et
2147 1774 2195 1805 eo

196 1831 269 1886 qui
307 1844 407 1874 cum
444 1827 512 1881 ὡς
551 1831 804 1875 coniunctus
848 1842 940 1874 esse
980 1831 1156 1885 putatur
1190 1830 1481 1884 comparativo
1494 1863 1504 1881 ,
1553 1830 1634 1872 nisi
1667 1830 1753 1873 alia
1780 1830 1920 1878 multa
1947 1831 2195 1884 mutaveris,

193 1899 370 1944 minime
400 1900 515 1943 hunc
542 1899 686 1944 locum
710 1913 834 1957 posse
866 1898 1088 1955 explicari,
1133 1900 1183 1942 ut
1211 1911 1263 1942 ne
1295 1899 1364 1943 his
1397 1898 1568 1955 quidem
1599 1899 1738 1943 verbis
1770 1912 1927 1943 novum
1956 1913 2059 1944 usus
2079 1899 2195 1944 illius

193 1970 433 2025 exemplum
465 1969 697 2014 accessisse
728 1968 1057 2013 existimandum
1087 1969 1159 2012 sit.

342 2107 425 2152 Sed
455 2110 506 2151 ut
534 2108 671 2152 oratio
702 2107 871 2151 desinat
901 2119 984 2163 qua
1013 2106 1179 2162 coepit,
1209 2106 1334 2150 venio
1363 2107 1450 2150 iam
1480 2105 1534 2150 ad
1553 2106 1695 2151 locum
1715 2120 1792 2163 pro
1814 2106 2038 2163 desperato
2059 2119 2192 2163 paene

189 2177 411 2229 relictum,
442 2179 508 2229 ut,
541 2178 613 2233 qui
640 2180 739 2234 post
769 2176 1112 2221 doctissimorum
1145 2177 1190 2219 et
1209 2175 1584 2232 sagacissimorum
1605 2177 1795 2222 virorum
1817 2184 1940 2221 curas
1962 2175 2052 2220 veri
2071 2175 2192 2221 inve-

190 2246 333 2290 niendi
363 2246 506 2290 studio
536 2246 737 2290 incensus
770 2245 909 2290 denuo
937 2258 1036 2289 eum
1068 2245 1342 2290 tractandum
1370 2245 1625 2302 susceperit,
1665 2246 1704 2290 is
1730 2246 1768 2290 si
1797 2258 1882 2290 non
1908 2244 2104 2298 laudem,
2145 2247 2192 2290 at

191 2315 509 2360 excusationem
539 2316 654 2360 certe
687 2327 857 2371 sperare
886 2327 1010 2370 posse
1043 2314 1249 2359 videatur.
1309 2315 1532 2372 Leguntur
1565 2314 1678 2359 enim
1708 2315 1753 2359 in
1774 2315 1925 2374 Lysiae
1958 2316 2063 2360 orat.
2083 2314 2191 2359 xm

188 2398 224 2429 c,
247 2384 488 2442 Agoratum
516 2385 556 2441 g.
578 2389 635 2428 86
667 2399 708 2441 p.
732 2389 820 2428 504
840 2384 892 2429 R.
921 2385 1028 2428 haec
1056 2384 1211 2429 verba:
1253 2387 1450 2429 Δοκοῦσι
1479 2385 1518 2429 δ’
1549 2381 1696 2442 ἐζιιοιγε
1721 2381 1766 2429 οἳ
1796 2383 1947 2430 ἕνδεκα
1977 2380 2020 2428 οὶ
2041 2399 2189 2442 παρα-

187 2450 421 2509 δεξάμενοι
450 2453 531 2512 τὴν
556 2448 798 2512 ἀπαγωγὴν
818 2452 997 2512 ταύτην,
1028 2449 1222 2509 οἰόμενοι
1238 2447 1469 2512 ’Λγοράτῳ
1491 2449 1787 2511 συμπράττειν
1803 2450 1905 2498 τότε
1925 2452 2002 2497 καὶ
2021 2453 2189 2507 διισχυ-

186 2521 405 2582 ριζόμενοι
439 2521 611 2581 σφόδρα
639 2518 792 2582 ὀρθῶς
828 2523 1017 2581 ποιῆσαι
1039 2520 1276 2568 Διονύσιον
1305 2522 1381 2582 τὴν
1412 2517 1651 2581 ἀπαγωγὴν
1669 2519 1857 2580 ἀπάγειν
1875 2517 2190 2579 ἀναγκάζοντες

186 2588 577 2650 προσγράψασθαι
620 2591 722 2636 τότε
761 2590 833 2635 ἐπ’
877 2588 1142 2649 αὐτοφώρῳ,
1192 2589 1217 2650 ἢ
1254 2591 1369 2635 ὅπου
1401 2590 1458 2634 ἂν
1496 2586 1523 2649 ᾗ
1557 2591 1647 2635 κτλ.
1703 2592 1952 2648 Dionysius,
2006 2592 2076 2648 qui
2116 2592 2188 2635 hic
