2436 3053
164 145 224 193 1³⁰

163 266 290 323 culpa
331 264 475 309 aditus
515 264 570 309 ad
603 276 821 308 summum
859 263 986 307 illum
1023 264 1331 321 magistratum
1370 264 1427 307 sit
1465 265 1729 321 praeclusus.
1791 265 1861 310 Sic
1899 267 2072 310 necesse
2100 270 2166 313 est

164 337 390 381 accusator
430 348 481 380 ea
512 334 760 380 calamitate
800 335 919 379 cuius
959 334 1121 379 invidia
1158 334 1273 379 oboli
1309 346 1440 379 causa
1481 335 1605 380 ardet
1631 331 1753 380 reum
1779 336 1903 393 putet
1931 336 2070 393 premi
2093 337 2167 381 vel

162 405 307 463 potius
336 404 568 457 fortunari,
603 403 792 461 alioquin
824 416 910 448 non
940 415 1042 447 sane
1071 402 1272 456 haberet,
1294 416 1380 448 cur
1398 403 1474 448 lite
1502 404 1669 450 intenta
1698 405 1888 451 invalido
1908 405 2017 450 illud
2035 404 2168 450 mise-
2212 447 2214 450 ,

99 516 104 521 .
164 476 254 520 riae
281 475 574 520 levamentum
603 473 797 518 studeret
826 474 998 530 eripere.
1042 472 1111 517 Ad
1143 474 1275 518 verba
1292 473 1425 531 igitur
1444 473 1522 518 illa
1540 470 1642 518 οὗθ’
1662 467 1787 527 οὗτος
1805 468 1853 518 εὖ
1871 475 2014 519 ποιῶν
2033 487 2166 534 appa·

163 549 232 590 ret
267 546 529 602 cogitatione
569 544 811 588 addendum
847 549 940 589 esse
978 539 1136 601 ταύτην
1163 543 1244 602 τὴν
1280 542 1450 602 γνώμην
1482 541 1591 598 ἔχει,
1636 538 1696 603 ἢν
1736 548 2165 602 προσποιεῖται
2222 538 2233 541 “

113 634 116 637 ·
164 611 317 669 ἔχειν
359 614 681 673 κατηγορῶν
719 609 883 669 ἐμοῦ,
933 625 1190 671 quamquam
1220 612 1353 658 etiam
1389 612 1622 671 simplicior
1650 610 1728 659 illa
1765 615 1810 659 et
1837 613 1953 670 haud
1981 614 2166 661 absurda

162 685 485 741 interpretatio,
513 681 616 725 οὔθ’
639 676 766 734 οὗτος
794 678 843 725 εὖ
873 686 1018 725 ποιῶν
1048 681 1142 741 τὴν
1171 676 1340 740 αὐτὴν
1366 680 1586 741 γνώμην
1617 679 1735 736 ἔχει
1765 696 1843 740 per
1872 697 1920 729 se
1947 686 2043 743 ipsa
2061 685 2164 729 ferri

163 766 289 811 posse
316 754 498 798 videtur.
559 752 675 796 Nam
705 752 742 795 si
771 765 857 796 non
890 752 1069 796 eandem
1095 751 1252 796 habere
1279 752 1436 796 dicitur
1456 754 1680 797 accusator
1699 754 1979 807 sententiam,
2012 756 2170 812 sponte

164 822 352 867 efficitur
374 822 588 867 diversam
607 822 658 865 ut
678 821 906 878 sequatur,
936 832 1018 878 quo
1039 819 1148 865 illud
1168 820 1309 879 ipsum
1329 833 1415 866 non
1437 821 1612 867 dubium
1634 824 1719 877 est,
1750 822 1852 881 quin
1871 822 2007 881 possit
2027 822 2163 881 sigui·

163 892 282 936 ficari
317 890 430 948 quod
470 892 739 947 quaerimus,
784 893 1079 935 accusatorem
1119 891 1250 936 aliam
1289 891 1446 935 habere
1459 925 1470 944 ‚
1518 890 1649 937 aliani
1686 892 1846 950 fingere
1887 896 1932 938 et
1962 893 2162 938 simulare

164 961 435 1005 sententiam.
494 961 564 1005 Ita
593 960 737 1005 nescio
769 974 823 1005 an
850 973 936 1004 non
965 960 1205 1005 necessaria
1236 961 1294 1005 sit
1323 960 1546 1018 ingeniosa
1576 974 1652 1017 per
1685 976 1730 1007 se
1756 963 1850 1020 ipsa
1880 962 1957 1008 illa
1976 962 2162 1021 Kayseri

164 1031 428 1083 coniectura,
460 1043 544 1086 qua
565 1030 734 1085 (Philol.
756 1031 818 1075 XI
838 1044 878 1087 p.
903 1031 1018 1086 161.)
1041 1030 1168 1074 scribi
1199 1030 1358 1074 voluit:
1391 1027 1490 1074 οὗθ’
1521 1024 1649 1082 οὗτος
1677 1027 1875 1090 ἑαυτῷ,
1905 1034 2163 1077 sententiam

162 1112 274 1144 unus
304 1100 544 1144 rectissime
573 1100 835 1157 perspiciens
848 1132 858 1152 ‚
907 1100 1136 1144 dummodo
1169 1100 1380 1156 expellere
1409 1114 1463 1144 ne
1498 1100 1701 1145 voluisset
1727 1101 2025 1156 plenissimum
2038 1101 2162 1146 ‘illud

164 1166 443 1212 dubitationis
484 1163 541 1211 εὖ
582 1184 654 1211 πο
667 1172 783 1221 ιῶν,
824 1168 937 1226 quod
968 1182 1070 1213 sane
1102 1182 1150 1213 eo
1181 1169 1398 1213 difficilius
1430 1168 1599 1214 videtur
1629 1169 1683 1214 ad
1713 1170 2042 1228 intelligendum
2072 1172 2160 1223 aut,

161 1238 206 1282 id
237 1238 349 1295 quod
377 1238 568 1297 plerique
600 1239 793 1292 malunt,
825 1239 879 1284 ad
911 1238 1247 1293 emendandum,
1281 1252 1362 1296 quo
1395 1240 1550 1284 certius
1582 1240 1723 1285 omnia
1752 1239 1892 1286 dubiis
1912 1240 1999 1285 illis
2019 1239 2161 1286 verbis

162 1308 332 1352 omissis
363 1308 475 1353 inter
504 1320 549 1352 se
581 1309 806 1353 cohaerere
839 1310 883 1352 et
914 1308 1110 1352 omnibus
1139 1308 1329 1352 numeris
1350 1309 1547 1353 absoluta
1568 1321 1660 1354 esse
1682 1311 1908 1366 appareat,
1938 1311 2007 1363 ut,
2036 1309 2161 1365 quid-

161 1377 264 1430 quid
297 1377 531 1428 addideriS,
561 1392 727 1433 pannus
753 1380 975 1432 tamquam
1004 1391 1056 1419 ne
1088 1380 1286 1420 assuatur
1316 1378 1554 1420 sententiae
1574 1391 1831 1434 magnopere
1851 1379 2161 1433 providendum

162 1446 231 1491 sit.
293 1446 459 1491 Verum
497 1448 598 1492 huic
639 1446 886 1492 difficultati
925 1447 1032 1491 bene
1062 1446 1217 1491 accidit
1245 1447 1357 1503 quod
1386 1446 1628 1505 explicatis,
1671 1462 1757 1493 non
1786 1446 1965 1493 mutatis
1997 1447 2161 1493 occurri

160 1519 306 1574 potest
346 1518 481 1575 ipsius
519 1518 672 1574 Lysiae
714 1517 878 1569 verbiS,
923 1517 967 1559 in
1009 1516 1160 1573 quibus
1201 1528 1301 1560 sane
1344 1518 1411 1560 est
1453 1529 1528 1561 cur
1565 1518 1741 1572 mirere,
1792 1517 1904 1575 quod
1931 1517 2014 1561 viri
2045 1516 2161 1561 docti

160 1588 334 1642 praeter
373 1587 596 1632 Reiskium
634 1589 678 1631 et
710 1586 1020 1630 Franckenium
1054 1586 1081 1629 1.
1106 1598 1139 1630 c.
1166 1599 1206 1641 p.
1232 1590 1330 1629 167.
1345 1620 1355 1639 ,
1402 1586 1476 1642 qui
1513 1588 1658 1631 tamen
1696 1586 1805 1631 falso
1845 1586 2159 1639 intellexerunt,

162 1657 239 1700 aut
266 1669 352 1700 non
383 1656 658 1713 agnoverint,
699 1657 774 1701 aut
805 1655 1002 1713 agnitum
1029 1655 1209 1712 probare
1239 1654 1454 1700 noluerint
1484 1654 1592 1700 illud
1622 1650 1672 1700 εὖ
1699 1659 1860 1710 ποιῶν,
1899 1668 1982 1712 quo
2014 1655 2160 1701 addito

159 1726 270 1771 illud
305 1727 449 1783 ipsum
485 1727 710 1780 accedere,
757 1726 925 1783 opinor,
971 1726 1215 1782 apparebit,
1261 1725 1375 1782 quod
1415 1726 1470 1770 ad
1499 1727 1637 1770 totam
1668 1726 1905 1770 sententiae
1934 1725 2159 1770 confirma-

160 1796 324 1841 tionem
361 1798 453 1841 tam
493 1798 561 1841 est
601 1798 770 1853 aptum,
812 1808 942 1853 quam
984 1795 1094 1853 quod
1131 1795 1314 1840 maxime
1342 1795 1497 1841 dixeris
1528 1796 1908 1861 accommodatum.
1967 1795 2080 1839 Nam
2112 1796 2163 1839 ut

161 1863 284 1911 nihil
301 1865 443 1911 dicam
468 1865 520 1912 de
551 1878 600 1912 eo
634 1865 802 1912 dicendi
828 1878 983 1925 genere
1014 1878 1095 1923 quo
1125 1859 1173 1910 εὖ
1203 1868 1368 1920 ποιῶν,
1408 1865 1553 1919 καλῶς
1586 1867 1752 1921 ποιῶν,
1791 1863 1932 1918 καλῶς
1961 1860 2160 1921 νομίζων,

110 1933 115 1938 ’
161 1932 318 1994 ὀρθῶς
332 1934 480 1994 λέγων,
500 1932 654 1995 ὀρθῶς
668 1933 968 1993 συμβουλεύων
982 1935 1027 1980 in
1042 1935 1388 1993 responsionibus
1403 1935 1613 1994 imprimis
1628 1935 1741 1993 apud
1754 1934 1980 1979 Platonem
1994 1934 2161 1980 inveni—

160 2004 251 2060 tur,
281 2009 330 2052 ut
351 2006 533 2052 verbum
553 2019 576 2050 e
598 2006 888 2063 superioribus
907 2007 1188 2063 repetendum
1210 2005 1266 2050 sit
1286 2006 1340 2049 cf.
1361 2006 1427 2049 Pl.
1451 2006 1594 2062 Symp.
1616 2020 1656 2063 p.
1674 2010 1758 2051 174
1779 2006 1828 2049 Ε.
1845 2004 1976 2062 Gorg.
1997 2008 2082 2049 451
2106 2004 2159 2047 D.

161 2080 248 2121 511
273 2075 318 2121 C.
351 2088 477 2135 saepe
524 2077 657 2122 etiam
691 2074 823 2133 (quod
867 2076 967 2133 post
1003 2075 1048 2119 F.
1078 2074 1130 2121 A.
1162 2073 1370 2120 Wolfium
1411 2074 1464 2120 ad
1503 2075 1622 2121 Dem.
1663 2074 1785 2133 Lept.
1823 2074 1861 2131 g.
1895 2079 1948 2118 91
1990 2087 2030 2130 p.
2062 2077 2161 2118 329.

159 2146 308 2190 Herm.
344 2146 399 2191 ad
426 2146 524 2203 Vig.
557 2160 596 2203 p.
629 2150 714 2190 777
746 2145 879 2189 etiam
910 2144 1132 2202 Krugerus
1163 2143 1236 2188 Gr.
1265 2144 1303 2199 §-
1336 2148 1414 2196 56,
1456 2149 1483 2187 8
1511 2158 1552 2187 n.
1585 2149 1609 2187 2
1636 2158 1675 2201 p.
1710 2148 1792 2187 221
1827 2145 1871 2187 et
1899 2142 2158 2199 Madvigius,

68 2269 71 2272 p
161 2215 234 2260 Gr.
265 2217 303 2272 g.
328 2221 413 2260 176
437 2229 470 2260 c.
500 2222 543 2271 p?
569 2219 652 2259 195
685 2215 1039 2270 commemorant)
1067 2213 1327 2270 „participio
1353 2213 1406 2257 ad
1439 2213 1606 2269 aliquod
1634 2226 1789 2258 nomen
1819 2211 1956 2257 relato
1978 2210 2161 2256 orationi
2217 2218 2222 2223 '

160 2285 370 2339 iniicitur,
419 2285 495 2330 ubi
543 2297 622 2329 nos
667 2283 849 2329 dicimus
891 2284 1009 2338 „Dei
1049 2284 1255 2329 beneficio
1267 2287 1307 2337 ‚“
1361 2282 1650 2341 significantes
1691 2282 1799 2327 nihil
1837 2294 1915 2327 nos
1953 2280 2159 2333 invidere,

159 2355 347 2413 gaudere
372 2357 513 2412 potius
545 2357 590 2399 et
618 2353 948 2411 congratulari.“
981 2355 1024 2397 et
1052 2366 1129 2410 pro
1159 2353 1280 2397 varia
1311 2354 1550 2405 occasione,
1580 2355 1629 2397 ut
1660 2354 1722 2398 ait
1750 2351 1940 2397 Voemel.
1962 2350 2017 2394 ad
2036 2350 2158 2394 Dem.

160 2426 228 2470 01.
250 2427 273 2471 Ι
300 2426 340 2482 ἕ.
363 2431 453 2478 28.,
491 2426 610 2471 varie
640 2424 846 2478 vertitur3
895 2426 1023 2488 recte,
1062 2424 1189 2475 bena
1239 2424 1338 2469 iure
1368 2437 1420 2469 ac
1453 2423 1629 2475 merito;
1667 2422 1844 2467 deorum
1873 2420 2161 2476 benignitatae

155 2509 240 2553 pro
267 2497 414 2542 vestra
443 2495 678 2552 sapientia.
738 2493 907 2540 Dicitur
928 2495 1074 2540 autem
1101 2493 1278 2541 minime
1307 2492 1358 2539 de
1390 2506 1441 2540 eo
1472 2494 1544 2552 qui
1562 2492 1668 2539 facit
1686 2491 1798 2551 quod
1817 2491 1884 2555 ius
1904 2491 1949 2537 et
1967 2489 2160 2549 aequitas

190 2567 252 2609 eri
281 2567 504 2623 postulant
522 2567 687 2622 (Herm.
709 2566 737 2607 l.
761 2566 840 2619 c.),
874 2564 949 2607 sed
980 2567 1055 2607 aut
1083 2565 1134 2608 de
1165 2577 1214 2608 eo
1236 2564 1309 2619 qui
1329 2564 1442 2619 quod
1463 2564 1546 2606 sibi
1564 2563 1647 2619 ipsi
1664 2559 1938 2605 commodum
1957 2562 2024 2603 est
2043 2560 2159 2612 facit,

161 2639 236 2683 aut
276 2636 387 2694 quod
428 2635 466 2680 is
505 2636 579 2692 qui
617 2634 805 2692 loquitur
843 2633 936 2678 fieri
973 2635 1094 2691 optat
1135 2635 1180 2679 et
1219 2632 1388 2691 gaudet.
1450 2632 1594 2678 Facile
1640 2632 1783 2677 autem
1821 2629 2014 2688 singulae
2042 2628 2159 2674 illius
