2436 3053
237 103 268 148 8

239 221 570 268 Atheniensium
602 221 787 265 evellere
818 234 864 265 66
895 234 1049 279 cupere
1081 223 1281 283 simulat,
1312 238 1364 269 ne
1395 225 1486 281 ipse
1518 239 1616 272 vere
1647 228 1823 275 claudus
1854 230 1930 276 sed
1958 231 2012 277 ab
2031 231 2242 285 iudicibus

238 293 347 338 falso
393 304 471 350 pro
510 291 686 336 robusto
727 303 777 336 ac
808 281 950 337 valido
985 291 1197 338 habitus
1184 307 1230 337 111
1255 295 1508 340 archontum
1536 298 1767 353 recipiatur
1794 312 2031 347 numerum.
2091 304 2246 354 Potius

240 362 291 407 fit
324 362 410 415 ita,
456 362 507 406 ut
543 360 706 409 iudices
737 372 880 415 reum,
924 362 971 406 ut
1004 363 1095 415 est,
1137 374 1214 420 pro
1244 376 1344 409 vere
1374 363 1550 418 claudo,
1595 370 1887 416 accusatorem
1919 384 1994 428 pro
2026 370 2169 418 valido
2194 375 2241 420 et

241 433 373 477 divite
400 432 597 475 habeant.
658 430 772 474 Hinc
803 434 982 487 apparet
1010 430 1087 476 illa
1117 433 1251 477 verba
1278 432 1419 491 τούτῳ
1446 432 1496 477 δὲ
1530 433 1826 493 ψηφίσασθαι
1854 438 2027 492 πάντας
2039 437 2109 495 ὡς
2128 435 2239 486 ’ἅνα-

240 499 370 560 πήρῳ
409 499 518 544 nihil
560 499 678 544 aliud
719 513 848 557 quam
873 501 928 545 ad
958 502 1094 545 risum
1120 503 1380 548 movendum
1409 506 1454 547 et
1484 505 1539 549 ad
1565 505 1834 552 illudendum
1861 512 2155 566 accusatorem
2183 512 2238 557 ab

238 584 311 617 reo
341 583 436 615 esse
467 570 594 614 alteri
625 570 853 627 primariae
879 570 1116 615 sententiae
1144 572 1359 628 opposita,
1392 576 1441 618 ut
1470 574 1641 631 ingenio
1669 588 1767 621 eum
1798 576 1983 624 debilem
2011 592 2063 625 ac
2083 581 2236 640 depra-

237 644 386 686 vatum
417 641 561 696 potius
590 653 719 695 quam
749 653 924 696 corpore
956 641 1158 684 mutilum
1187 643 1231 685 et
1260 643 1497 687 invalidum
1528 647 1745 728 carperet,
1781 646 1931 692 eadem
1958 649 2123 694 ratione
2151 662 2238 732 qua

237 713 276 768 g.
302 716 365 755 13
389 723 487 754 cum
519 721 568 752 eo
599 708 827 753 cavillatur
855 706 895 752 εἶ
924 707 1006 766 γὰρ
1031 705 1121 762 ἒξ’
1108 705 1206 753 ι’σου
1236 714 1289 768 τῇ
1319 716 1526 771 συμφορᾷ
1556 713 1631 757 καὶ
1651 714 1728 772 τὴν
1749 712 1945 760 διάνοιαν
1963 715 2047 771 ἕξω
2067 718 2144 762 καὶ
2162 717 2237 763 τὸν

238 778 368 827 ἄλλον
400 776 499 836 βίον
528 775 689 831 διάξω,
731 774 777 822 τί
804 776 958 824 τούτου
988 775 1167 832 διοίσω
1208 780 1414 837 cf.§.12.
1441 788 1507 830 19.
1567 784 1677 829 Tum
1706 785 1840 842 igitur
1870 800 1921 831 ea
1950 801 2058 842 quae
2089 788 2237 834 addita

239 853 305 895 est
348 848 573 905 explicatio
621 850 665 892 et
710 848 1016 893 demonstratio
1045 845 1095 891 οὐ
1127 848 1211 905 γὰρ
1249 845 1393 907 δήπου
1437 876 1493 883 --
1531 854 1707 898 minime
1746 854 1960 911 pertinere
1998 858 2140 914 potest
2179 857 2235 902 ad

235 921 460 974 utramque
489 918 610 963 illam
641 918 899 961 contrariam
929 918 1239 970 conditionem,
1270 920 1390 963 cuius
1419 922 1603 966 alterum
1623 925 1862 968 membrum
1882 927 2026 969 orator
2045 926 2234 979 minime,

212 990 284 1035 'ut
313 987 438 1039 fecit,
483 987 680 1032 omittere
714 989 942 1044 potuisset,
975 987 1050 1032 sed
1079 988 1133 1033 ad
1164 1001 1294 1033 unam
1321 988 1440 1033 illam
1473 991 1808 1038 enuntiationem
1837 991 1883 1036 τί
1906 1009 1961 1048 με
1988 990 2144 1038 κωλύει
2179 1022 2227 1028 -

234 1054 508 1112 ὑγιαίνοντος.
579 1057 645 1099 Α6
681 1069 734 1099 116
773 1057 884 1099 illud
924 1057 1096 1111 quidem
1131 1069 1282 1100 verum
1319 1060 1407 1109 est,
1456 1059 1570 1114 quod
1598 1061 1889 1104 Franckenius
1924 1062 2063 1106 addit:
2120 1077 2233 1121 „per

235 1121 316 1182 γάρ
348 1124 590 1169 annectitur
622 1124 928 1170 demonstratio
959 1126 1134 1170 illorum
1161 1122 1260 1169 0353’
1289 1123 1414 1181 ὑμεῖς
1443 1126 1583 1185 τούτῳ
1612 1155 1671 1161 -
1701 1128 1919 1187 γνώμην,“
1952 1145 2035 1187 qua
2062 1133 2232 1187 quidem

236 1194 529 1239 enuntiatione
570 1206 743 1238 causam
787 1195 995 1239 contineri
1035 1197 1236 1251 apparet,
1280 1209 1387 1250 quae
1416 1196 1591 1240 minime
1623 1198 1678 1241 ad
1706 1198 1868 1242 iudices
1901 1200 1976 1244 sed
2008 1200 2062 1243 ad
2090 1200 2231 1256 ipsum

234 1264 452 1321 pertineat
481 1264 786 1307 accusatorem.
842 1264 934 1307 Nec
965 1264 1054 1308 61116
1087 1265 1265 1309 661161116
1296 1265 1474 1309 invertit
1492 1266 1844 1317 ,enuntiationum
1865 1268 2056 1313 ordinem
2077 1270 2231 1321 orator,

233 1347 366 1392 quum
406 1345 457 1376 ea
494 1346 603 1389 quae
644 1332 697 1378 de
736 1332 945 1378 iudicibus
983 1333 1098 1378 dicta
1134 1334 1326 1391 sequitur
1364 1334 1655 1379 enuntiatione
1690 1336 1784 1391 ipsa
1810 1350 1937 1393 quam
1966 1338 2105 1394 priore
2135 1338 2230 1383 loco

232 1406 286 1450 de
327 1405 577 1449 accusatore
617 1402 761 1459 posuit
794 1403 1010 1447 sententia
1033 1403 1159 1459 plane
1190 1404 1447 1461 infringatur
1479 1406 1523 1448 et
1553 1405 1782 1451 reiiciatur.
1813 1431 1873 1438 -—
1900 1407 2092 1463 Denique
2125 1421 2231 1464 quas

231 1473 619 1520 Rauchensteinius
637 1472 787 1517 timide
810 1486 912 1517 sane
931 1472 1247 1523 commendavit
1267 1473 1529 1530 suspiciones
1548 1468 1648 1518 οὔθ’
1665 1468 1792 1527 οὗτος
1819 1469 1935 1519 οἶδεν
1955 1473 2002 1529 ὅ,
2025 1492 2070 1519 τι
2090 1480 2229 1531 ποιεῖ,

233 1543 335 1589 οὔθ’
365 1537 495 1595 οὗτος
524 1539 730 1601 φαίνεται
760 1536 806 1586 εὖ
837 1544 1011 1600 φρονῶν
1042 1536 1196 1598 (vel-813
1217 1543 1408 1600 φρονεῖ),
1439 1543 1509 1587 vel
1536 1543 1667 1589 etiam
1699 1539 1800 1588 οὔθ’
1833 1537 1962 1597 οὗτος
1983 1539 2029 1589 εὖ
2047 1547 2230 1603 φρονῶν,

234 1613 348 1671 quod
375 1613 518 1669 ipsum
544 1613 590 1656 in
623 1612 820 1658 omnibus
851 1611 1109 1656 editionibus
1138 1612 1182 1655 in
1211 1611 1438 1656 verborum
1468 1613 1630 1670 recepit
1657 1614 1869 1667 ordinem,
1912 1627 2061 1660 earum
2090 1615 2230 1672 prima

231 1685 339 1731 adeo
382 1696 467 1728 non
508 1681 783 1728 confirmatur
827 1682 993 1727 ratione
1038 1681 1348 1726 sententiarum
1361 1715 1373 1735 ‚
1426 1684 1476 1728 ut
1517 1683 1659 1739 potius
1705 1691 1833 1741 quam
1878 1683 2011 1729 semel
2052 1697 2230 1740 prava-m

233 1755 446 1800 rationem
479 1754 703 1797 accusator
732 1753 951 1810 ingressus
983 1752 1061 1805 sit,
1106 1765 1203 1796 eam
1230 1751 1569 1809 pertinacissime
1598 1756 1795 1812 persequi
1823 1754 1908 1799 dici
1938 1754 2228 1810 exspectetur3

235 1824 422 1871 alterum
458 1821 572 1879 quod
609 1820 760 1866 deinde
799 1822 944 1879 posuit
980 1821 1140 1867 nullius
1180 1821 1349 1867 videtur
1387 1834 1479 1867 esse
1519 1823 1726 1868 momenti
1763 1823 1818 1868 ad
1849 1821 2228 1869 consummandam

232 1892 516 1944 sententiam,
545 1891 656 1935 illud
686 1892 866 1949 denique
896 1892 1010 1948 quod
1039 1893 1084 1937 in
1105 1893 1208 1949 ipsis
1230 1891 1486 1937 editionibus
1505 1891 1684 1937 retinuit
1703 1893 1898 1942 omnibus
1930 1891 2039 1936 οὔθ’
2066 1886 2229 1945 οὗτος

230 1957 287 2007 εὖ
317 1963 558 2020 φρονῶν,
605 1962 651 2006 id
689 1961 863 2018 quidem
901 1962 1075 2006 minime
1114 1964 1259 2019 potest
1297 1973 1393 2006 eam
1431 1960 1588 2005 habere
1625 1962 1903 2017 sententiam,
1951 1960 2079 2020 quam
2107 1963 2228 2008 addit

231 2032 370 2090 patrio
408 2026 603 2076 sermone
641 2043 905 2087 expressam:
955 2044 1037 2084 „er
1079 2031 1211 2076 denkt
1247 2031 1383 2080 selhst
1421 2030 1542 2074 nicht
1571 2043 1642 2083 so,
1686 2035 1843 2077 wennv
1876 2045 1930 2076 er
1963 2032 2050 2077 bei
2087 2032 2225 2078 Ver·

231 2100 434 2147 stande
460 2101 583 2152 ist,“
615 2114 724 2157 quae
753 2103 803 2146 ut
827 2102 1141 2158 significaretur
1172 2113 1347 2146 necesse
1377 2102 1469 2146 erat
1498 2101 1753 2146 scriberetur
1783 2099 1859 2144 ἐὰν
1888 2097 1934 2145 εὗ
1954 2104 2113 2159 φρονῇ,
2145 2115 2224 2146 1166

229 2170 380 2229 magni
408 2169 517 2213 illud
543 2169 626 2214 dici
654 2169 806 2223 refert,
837 2170 1048 2216 diversam
1080 2172 1374 2216 accusatorem
1403 2170 1523 2226 sequi
1550 2170 1829 2223 sententiam,
1860 2170 2043 2215 alteram
2066 2171 2225 2222 mentis
2278 2179 2280 2181 ’

231 2243 322 2287 acie
353 2239 680 2297 praestrictum,
711 2240 894 2285 alteram
922 2242 1079 2288 mentis
1110 2254 1212 2285 suae
1243 2241 1497 2296 compotem.
1557 2239 1668 2285 Sane
1701 2240 1872 2296 quidem
1892 2241 1938 2284 in
1964 2254 2013 2285 eo
2041 2241 2225 2285 vertitur

229 2311 364 2355 totius
406 2309 534 2354 cardo
577 2310 664 2362 rei,
709 2312 759 2354 ut
788 2312 1051 2354 monstretur
1082 2310 1261 2366 aliquid,
1311 2309 1423 2366 quod
1451 2310 1494 2353 in
1524 2310 1577 2353 iis
1606 2323 1714 2365 quae
1744 2311 1978 2366 sequuntur
2006 2308 2223 2366 propriam

231 2393 355 2424 suam
382 2380 540 2424 habeat
570 2380 782 2425 rationem
812 2381 856 2424 et
884 2379 1234 2436 explicationem,
1272 2392 1351 2423 1166
1376 2379 1483 2423 illud
1517 2377 1688 2424 difficile
1717 2379 1824 2423 mihi
1847 2378 2018 2423 videtur
2047 2390 2139 2422 esse
2168 2377 2223 2421 ad

226 2449 553 2504 inveniendum,
584 2448 814 2494 dummodo
842 2448 1114 2494 attendamus
1144 2448 1199 2494 ad
1228 2448 1540 2506 particularum
1560 2441 1673 2491 ἀλλὰ
1694 2446 1774 2505 γάρ
1793 2461 1918 2493 11611111
1938 2446 2222 2499 1161166111111111,

227 2520 387 2563 61111666
417 2519 561 2579 aliqua
586 2532 693 2573 quae
725 2519 838 2561 inter
868 2512 979 2561 ἀλλὰ
1010 2520 1055 2561 61
1082 2515 1163 2573 γάρ
1201 2532 1250 2561 ex
1282 2519 1590 2562 sententiarum
1618 2518 1712 2572 ipsa
1741 2518 1905 2560 ratione
1933 2516 2126 2560 addenda
2156 2518 2223 2559 est

226 2586 521 2632 enuntiatione
548 2586 855 2643 explicandum.
919 2586 1058 2641 Quam
1087 2588 1167 2631 hoc
1197 2586 1292 2631 loco
1321 2587 1495 2637 1111116111Ι
1518 2586 1644 2630 3113111
1673 2585 1805 2630 fuisse
1836 2585 1917 2628 nisi
1947 2577 2059 2627 ἀλλὰ
2080 2586 2221 2629 τοῦτο
