2436 3053
175 133 233 177 16

166 248 293 304 ,addit
320 243 361 291 εἰ
388 245 448 306 μὴ
478 244 627 303 μέλλει
659 272 719 278 -—
749 242 938 290 ἔσεσθαι
970 245 1103 291 habet
1122 246 1237 301 quod
1258 233 1533 292 vehementer
1555 245 1760 300 offendat,
1798 260 1878 293 nec
1898 248 2178 306 credipotest

172 319 318 362 orator
358 317 469 379 serio
508 316 723 361 affirmare
736 348 747 367 ,
786 316 934 372 magni
963 314 1176 359 commodi
1206 315 1463 372 reipublicae
1494 328 1625 360 causa
1655 316 1883 373 aliquando
1913 317 2009 363 fieri
2034 330 2175 377 posse,
2266 370 2269 372 .

174 388 226 432 ut
246 385 464 432 Timothei
492 386 604 431 bona
630 386 915 443 publicentur.
966 386 1118 442 Itaque
1149 384 1361 443 Sauppius
1391 385 1547 431 maluit
1575 386 1704 431 scribi
1731 382 1864 431 κακόν
1894 401 1984 445 pro
2001 385 2175 445 ἀγαθόν

171 459 256 504 hac
285 456 521 502 sententia:
565 454 682 510 „nisi
711 447 919 514 magnum
950 455 1026 501 ille
1052 454 1257 501 damnum
1281 455 1447 513 patriae
1473 456 1671 502 intulerit
1683 460 1721 511 ,“
1747 459 1846 515 (quo
1874 459 2176 517 praeterquam

175 528 287 585 quod
318 525 536 572 sententia
561 525 655 582 ipsa
684 526 906 571 obscurius
937 528 1052 571 esset
1082 538 1304 582 expressa,
1343 527 1492 584 augeri
1521 526 1663 584 potius
1695 539 1823 583 quam
1848 526 1975 571 leniri
2005 527 2174 574 videtur

170 597 481 642 abominandae
511 595 628 640 illius
660 596 914 641 conditionis
943 595 1115 641 invidia.
1164 595 1288 651 Quod
1316 598 1390 652 qui
1417 596 1630 641 intellexit
1658 597 1757 642 Joh.
1783 598 1895 655 Frey
1915 590 2012 654 (Zu'
2021 597 2175 654 Lysias

168 681 210 725 p.
233 666 309 722 26)
340 666 406 711 ita
438 666 534 711 loco
569 666 736 710 occurri
763 678 887 723 posse
917 665 1107 723 putavit,
1138 667 1189 710 ut
1222 666 1458 711 enuntiatio
1490 664 1531 710 εἰ
1550 692 1609 699 -
1629 669 1684 725 τῇ
1712 661 1845 711 πόλει
1876 667 2090 712 disiuncta
2118 666 2173 711 ab

170 736 349 793 optandi
388 735 575 780 formula
610 734 792 779 alteram
836 735 1025 780 efficeret
1065 735 1258 792 protasin
1295 736 1376 780 hac
1406 737 1640 781 sententia:
1690 736 1833 781 Wenn
1858 736 1925 780 ihr
1957 735 2033 781 das
2063 735 2173 781 Ver-

170 810 328 864 mogen
366 806 440 849 des
468 804 719 848 Timotheus
755 805 975 849 einziehen
1016 805 1181 849 wurdet
1211 830 1266 835 -—
1299 817 1346 849 so
1384 805 1551 851 wurdet
1590 806 1680 859 ihr,
1722 819 1848 851 worm
1877 818 1922 852 es
1951 804 2072 850 nicht
2094 804 2174 859 fiir

171 877 252 920 den
284 873 416 920 Staat
455 874 555 919 sehr
588 876 669 928 yut
708 873 1064 919 herauskommen
1100 874 1182 918 soll
1194 907 1205 926 ,
1256 875 1443 930 weniger
1484 875 1698 927 erhalten‚
1748 878 1798 919 ut
1833 876 1911 920 illa
1939 874 2173 919 enuntiatio

169 941 209 988 εἰ
251 969 311 975 -
351 938 484 986 πόλει
533 942 764 986 referretur
811 943 865 986 ad
906 943 1202 999 integritatem
1242 944 1286 987 et
1322 943 1628 987 abstinentiam
1668 956 1815 987 eorum
1853 945 1926 1000 qui
1965 944 2174 988 bonorum

172 1027 320 1059 curam
357 1013 516 1070 gerunt
551 1011 921 1068 publicandorum.
983 1012 1146 1057 Verum
1184 1026 1442 1069 quamquam
1477 1014 1523 1057 in
1566 1014 1725 1070 duplici
1757 1014 1834 1058 illa
1873 1014 2036 1070 protasi
2064 1011 2173 1056 nihil

167 1084 282 1129 inest
314 1081 554 1127 offensionis
586 1080 656 1136 (cf.
678 1080 822 1126 XXXI
842 1082 879 1137 §-
905 1083 1001 1138 14),
1032 1083 1180 1127 tamen
1208 1082 1302 1139 ipsa
1333 1095 1463 1139 quam
1491 1083 1586 1127 vult
1615 1084 1753 1128 inesse
1783 1083 1997 1128 sententia
2018 1082 2171 1127 obscu-

167 1154 259 1198 rius
301 1152 417 1196 esset
444 1163 663 1208 expressa,
708 1164 837 1207 quam
864 1153 917 1195 ut
944 1151 1070 1195 facile
1099 1151 1436 1208 intelligeretur,
1479 1153 1735 1208 praesertim
1764 1165 1896 1208 quum
1923 1153 1968 1195 in
2000 1153 2173 1195 antece-

170 1220 371 1268 dentibus
396 1218 506 1265 nihil
536 1219 587 1264 de
616 1219 796 1276 perfidia
825 1220 870 1265 in
899 1220 1166 1277 publicandis
1195 1221 1317 1266 bonis
1348 1221 1509 1266 usitata
1539 1221 1704 1267 dietum
1722 1221 1977 1266 inveniatur.
2027 1220 2175 1267 Unum

169 1292 279 1337 illud
319 1289 433 1346 quod
472 1290 554 1332 hoc
593 1289 637 1331 in
668 1301 826 1344 genere
857 1290 894 1344 ἓ.
918 1294 971 1333 31
1005 1290 1165 1346 legitur
1196 1280 1296 1333 reus
1326 1292 1654 1343 commemorat,
1701 1293 1751 1334 ut
1779 1291 1970 1342 evincat,
2012 1291 2174 1345 quanta

171 1357 397 1417 diligentia
429 1359 474 1403 et
501 1357 586 1401 fide
616 1357 707 1413 ipse
736 1357 782 1401 in
813 1358 935 1402 bonis
965 1357 1236 1404 recensendis
1265 1361 1309 1403 et
1339 1356 1559 1402 tradendis
1588 1361 1782 1403 versatus
1810 1359 1888 1412 sit,
1927 1372 2058 1415 quum
2079 1358 2172 1404 fere

169 1427 435 1474 contrarium
473 1425 570 1468 fieri
608 1425 757 1469 soleat.
828 1426 942 1470 Hinc
981 1439 1066 1471 non
1106 1429 1200 1471 erat
1239 1439 1314 1471 cur
1340 1425 1387 1468 in
1414 1426 1606 1484 exemplo
1637 1427 1711 1473 illo
1743 1428 1843 1473 ficto
1874 1428 1926 1473 de
1958 1426 2173 1476 Timothei

169 1498 294 1544 bonis
318 1495 589 1555 publicandis
611 1496 818 1539 eiusmodi
838 1495 1027 1552 aliquam
1047 1496 1224 1540 adderet
1245 1495 1529 1540 conditionem
1543 1530 1553 1549 ,
1585 1511 1715 1552 quam
1735 1500 1977 1552 praeterea,
2008 1497 2172 1553 opinor,

171 1567 364 1627 optativo
407 1578 491 1611 non
521 1563 752 1609 indicativo
785 1564 1082 1623 significasset.
1145 1563 1340 1611 Concedo
1371 1578 1472 1611 sane
1504 1565 1741 1623 exspectari
1771 1565 2022 1624 simpliciter
2050 1559 2076 1611 ὃ
2103 1562 2173 1624 μὴ

166 1636 392 1697 γένοιτο
425 1634 545 1679 nulla
572 1632 718 1678 addita
750 1635 1012 1689 conditione,
1049 1647 1156 1693 quae
1187 1635 1277 1679 fere
1304 1636 1357 1686 in,
1380 1635 1591 1681 similibus
1620 1636 1727 1681 locis
1756 1635 1896 1689 deest,
1926 1634 2001 1680 sed
2025 1646 2101 1693 per
2125 1646 2171 1680 se

169 1708 310 1766 ipsam
345 1705 455 1751 nihil
495 1704 675 1750 haberet
707 1710 768 1750 ‘ea
795 1705 1063 1758 offensionis,
1106 1704 1244 1749 veluti
1274 1705 1312 1749 si
1340 1706 1578 1762 legeretur,
1625 1705 1739 1762 quod
1764 1705 1847 1750 fuit
1874 1718 2009 1762 quum
2037 1703 2171 1749 conii-

170 1789 336 1829 cerem,
365 1773 483 1834 μηδ’
515 1769 570 1818 εἴ
593 1789 638 1818 τι
658 1772 808 1829 μέλλει
838 1773 950 1831 μέγα
981 1768 1154 1832 ἀγαθὸν
1182 1770 1366 1819 ἔσεσθει
1394 1776 1449 1834 τῇ
1478 1774 1631 1828 nom,
1665 1787 1747 1832 quo
1780 1777 1896 1820 certe
1916 1775 2052 1820 totius
2072 1766 2171 1819 Βθῗι-

169 1847 333 1892 tentiae
364 1846 660 1890 removeretur
689 1844 863 1889 invidia.
917 1843 999 1888 Sed
1031 1844 1138 1891 inita
1164 1844 1330 1890 ratione
1362 1845 1657 1901 subductaque
1679 1844 1872 1902 suspicor
1892 1844 2010 1889 aliud
2029 1843 2173 1903 potius

169 1915 324 1961 vitium
364 1916 504 1960 inesse
542 1915 588 1958 in
623 1915 692 1958 his
730 1914 872 1958 verbis
904 1927 1033 1970 quae,
1080 1916 1125 1960 ni
1153 1915 1302 1967 fallor,
1344 1913 1576 1970 scripserat
1615 1916 1761 1959 orator
1787 1914 1868 1958 hoc
1896 1914 2024 1959 modo
2053 1906 2081 1957 ὃ
2110 1912 2171 1971 μὴ

166 1983 358 2042 γένοιτο,
390 1980 430 2027 εἰ
458 1978 520 2041 μή
549 1999 593 2026 τι
620 1981 772 2038 μέλλει
795 1982 908 2039 μέγα
936 1979 1129 2035 πάθος
1158 1979 1347 2027 ἔσεσθαι
1378 1984 1430 2041 τῇ
1450 1980 1593 2026 πόλει.
1642 1983 1755 2027 Tum
1774 1982 2041 2040 significatur
2060 1981 2174 2040 quod

168 2067 345 2100 necesse
376 2054 548 2099 videtur
578 2066 695 2108 esse,
726 2053 1061 2109 publicationem
1091 2052 1301 2098 eiusmodi
1329 2053 1476 2097 fictam
1508 2065 1637 2109 quam
1664 2053 1814 2116 abnuit
1843 2052 1928 2097 nisi
1953 2065 2052 2097 cum
2071 2064 2172 2109 gra—

168 2123 347 2170 vissima
383 2124 518 2181 ipsius
558 2123 722 2182 patriae
764 2123 1009 2169 calamitate
1044 2135 1130 2168 non
1172 2123 1362 2168 futuram
1400 2135 1491 2167 esse
1516 2123 1621 2179 (was
1663 2122 1732 2167 nie
1762 2122 2005 2180 geschehen
2032 2125 2174 2179 mogo,

166 2207 291 2238 wenn
322 2194 444 2238 nicht
474 2195 574 2239 dem
602 2193 751 2239 Staate
781 2192 852 2237 ein
881 2205 1052 2250 grosses
1082 2193 1190 2238 Leid
1218 2191 1501 2238 widerfahren
1528 2192 1640 2248 soll).
1701 2190 1840 2246 Quam
1873 2190 2000 2236 facile
2017 2186 2174 2243 πάθος

169 2265 268 2320 post
304 2262 418 2319 μέγα
456 2264 662 2309 confundi
688 2262 880 2320 potuerit
907 2276 1008 2308 cum
1036 2257 1234 2318 ἀγαθόν,
1288 2261 1579 2307 antecedentis
1604 2261 1722 2306 illius
1750 2261 1963 2324 vocabuli
1982 2262 2175 2305 extrema

167 2330 318 2377 littera
355 2331 464 2378 falso
502 2332 682 2387 iterata,
728 2331 774 2377 id
813 2344 890 2390 per
928 2344 973 2377 se
1011 2331 1152 2392 ipsum
1194 2344 1326 2390 quum
1354 2329 1644 2389 intelligatur,
1691 2332 1786 2377 tum
1810 2329 1925 2376 infra
1954 2327 2172 2375 simillimo

169 2401 315 2458 aliquo
363 2415 433 2446 me
482 2403 763 2458 probaturum
813 2414 907 2447 esse
947 2415 1070 2459 spero
1120 2402 1327 2460 exemplo.
1356 2426 1415 2434 —-
1443 2401 1599 2446 Restat
1637 2402 1749 2455 iam,
1806 2403 1858 2445 ut
1902 2399 1954 2444 de
1998 2397 2174 2454 reliquis

170 2470 478 2516 enuntiationis
508 2464 650 2517 verbis
681 2483 902 2530 exponam.
952 2472 1020 2516 Ac
1048 2471 1235 2529 primum
1267 2470 1440 2530 quidem
1471 2470 1584 2528 quod
1614 2470 1660 2515 in
1681 2471 1773 2516 cod.
1794 2468 1993 2516 Palatino
2013 2467 2176 2526 legitur

168 2536 340 2585 ἐλάττω
378 2537 455 2584 ἐὰν
484 2538 613 2596 λάβοι
653 2540 730 2600 τὴν
757 2538 807 2586 ἐκ
835 2544 924 2585 τεῒν
946 2536 1298 2600 Ἀριστοφάνους
1325 2541 1372 2587 id
1404 2539 1577 2597 quidem
1608 2553 1740 2598 quum
1769 2539 1846 2585 alii
1876 2537 2001 2584 aliter
2027 2549 2174 2583 emen-

171 2607 360 2654 dandum
407 2621 502 2655 esse
553 2612 800 2664 censerent,
854 2609 1064 2669 Sauppius
1113 2612 1231 2657 recte
1272 2608 1471 2669 apodosis
1510 2608 1606 2656 loco
1643 2608 1914 2656 intellectum
1954 2606 2174 2665 scripsisse
