2436 3053
2140 119 2200 163 25

210 231 353 277 neseio
391 244 448 276 an
476 231 617 276 minus
645 233 775 275 reete.
835 231 949 275 Nam
979 243 1065 275 non
1081 233 1212 287 rapte,
1260 231 1431 288 opinor,
1483 231 1637 275 dieitur
1665 231 1875 289 promtius
1905 233 2058 290 aliquis
2087 246 2197 292 quae

209 301 412 348 mandata
426 301 563 345 'erant
587 299 758 357 fecisse,
787 296 915 356 quam
944 301 999 345 ab
1018 300 1124 345 urbe
1144 302 1318 345 coaetus
1338 300 1479 344 fuerit.
1528 300 1707 344 Minime
1729 301 1843 345 enim
1861 306 2029 356 promto
2049 304 2192 350 animo

209 372 262 416 ut
287 368 557 427 praestentur
581 368 723 414 omnia
751 367 923 426 flagitat
952 367 1212 426 respublica,
1240 367 1315 413 sed
1328 368 1585 424 ‘simpliciter
1605 370 1772 413 sumtus
1792 368 1887 413 dari
1904 370 2026 416 iubet
2044 384 2192 416 neees-

210 438 367 492 sarios,
410 438 462 483 ut
501 436 709 483 eiusmodi
749 437 1031 495 comparatio,
1070 449 1154 494 qua
1192 439 1389 496 sumptus
1416 450 1461 482 se
1492 436 1658 482 dedisse
1692 437 1853 483 (liceret
1882 441 2026 485 orator
2054 441 2195 498 magis

210 505 379 565 promto
404 507 544 552 animo
576 509 702 564 quam
730 507 825 565 ipsa
852 508 956 553 urbs
986 508 1247 578 postularet,
1275 508 1434 553 mirum
1463 520 1566 551 sane
1597 506 1758 564 aliquid
1777 509 1955 553 haberet
1974 523 2025 553 ao
2045 511 2197 566 singu-

211 577 316 624 lare.
361 577 454 623 Nee
481 579 682 634 possunt,
712 576 880 635 opinor,
911 576 1151 635 epimonem
1177 577 1289 622 hano
1315 576 1485 622 firmare
1515 576 1723 621 eiusmodi
1743 577 1848 631 loci,
1877 577 2015 635 qualis
2036 581 2102 624 est
2120 579 2194 624 ille

210 647 325 706 apud
353 648 485 693 Isoer.
510 646 564 692 de
583 646 731 692 Anfid.
750 648 791 704 ἓ.
814 648 899 691 145
922 644 1010 699 τὰς
1040 642 1177 698 αλλας
1205 643 1474 704 λειτουργίας
1499 645 1984 705 πολυτελέστερον
2013 648 2196 692 λελει-

209 712 490 776 τούργηκα
522 701 618 759 καὶ
660 712 892 759 κάλλιον
925 709 996 758 ὧν
1031 730 1075 759 οι
1104 713 1232 770 νόμοι
1261 713 1582 773 προςτάττουσι
1611 715 1682 759 vel
1711 715 1824 771 apud
1853 717 2024 774 Lysiam
2054 716 2209 772 ipsum<

210 786 283 832 Or.
309 784 431 831 XXV
466 785 505 843 ἓ.
535 790 590 830 12
633 781 817 829 πλείω
860 788 950 829 τῶν
993 781 1082 829 ὑπὸ
1123 787 1201 843 τῆς
1241 780 1415 837 πόλεως
1456 783 1849 843 προςταττομένων
1886 783 2194 845 ἐδαπανώμην,

209 869 310 905 nam
338 855 385 899 id
412 856 554 913 ipsum
576 855 659 901 hoc
678 867 842 912 quoque
862 851 956 899 loeo
978 855 1123 898 orator
1140 852 1334 899 iudicat
1321 854 1375 899 iis
1397 867 1503 912 quae
1525 856 1759 911 sequuntur
1778 849 1915 899 τᾶλλα
1935 857 2196 914 λειτουργῶν

209 919 385 977 οὐδενὸς
422 918 551 982 ἧττον
589 924 908 976 πολυτελῶς
943 925 1031 967 τῶν
1070 923 1286 979 πολιτῶν,
1330 927 1382 969 ut
1425 927 1565 969 orator
1602 925 1728 980 plane
1764 924 1914 970 eadem
1943 925 2009 968 bis
2039 925 2194 969 dixisse

208 993 448 1048 videretur,
477 993 516 1038 si
539 993 682 1051 priora
698 993 777 1038 illa
805 991 982 1037 ἅπαντα
1012 989 1444 1052 προθυμότερον
1474 989 1701 1051 πεποίηκα
1721 989 1780 1045 ὡς
1799 993 1889 1039 κτλ.
1909 994 1973 1039 ita
1992 993 2195 1050 quemad-

208 1063 400 1109 modum⁴
419 1063 572 1109 volunt
599 1062 879 1107 intellexisset
909 1062 960 1106 de
989 1061 1305 1118 magnificentia
1334 1074 1482 1107 eorum
1511 1075 1617 1118 quos
1643 1061 1813 1119 publice
1839 1062 2048 1120 impendit
2077 1075 2196 1106 sum-

207 1131 374 1189 ptuum.
434 1133 584 1190 Itaque
625 1144 723 1177 mea
751 1124 898 1189 ¹magis
937 1142 986 1176 eo
1024 1130 1208 1176 inclinat
1237 1132 1470 1185 sententia,
1516 1133 1567 1176 ut
1595 1130 1670 1175 illo
1701 1128 1762 1183 ὡς
1788 1131 1906 1176 iniioi
1932 1132 2196 1177 mentionem

207 1201 433 1259 temporie,
478 1213 561 1258 quo
600 1214 651 1246 ex
684 1200 830 1246 ordine
872 1198 1105 1246 constituto
1142 1212 1315 1246 neeesse
1352 1201 1483 1246 fuerit
1513 1202 1709 1257 sumptus
1738 1200 1838 1246 illos
1867 1201 2060 1258 publicos
2092 1202 2195 1247 dare

210 1271 392 1322 oratori,
433 1270 720 1326 comparativo
758 1273 903 1314 autem
930 1270 1055 1325 plane
1086 1270 1236 1313 eodem
1263 1270 1390 1314 modo
1423 1273 1634 1313 oratorem
1663 1283 1789 1313 usum
1818 1283 1911 1333 esse
1942 1271 2194 1323 existimem,

214 1351 297 1394 quo
323 1339 568 1395 saepissime
596 1339 846 1396 simpliciter
875 1338 939 1384 ita
965 1338 1130 1395 positus
1160 1339 1394 1391 invenitur,
1437 1342 1488 1383 ut
1516 1341 1705 1394 proxime
1736 1339 1914 1384 accedat
1944 1339 1999 1383 ad
2027 1340 2192 1396 signifi-

209 1407 419 1454 cationem
449 1407 709 1466 superlativi.
769 1407 971 1453 Ceterum
994 1419 1081 1452 non
1107 1420 1235 1466 nego,
1267 1403 1513 1465 προθύμως
1539 1408 1652 1465 quod
1678 1408 1846 1466 proprie
1865 1410 2082 1466 promtum
2102 1410 2193 1455 ani-

208 1491 329 1522 mum
357 1478 596 1533 signifieat,
623 1478 724 1532 Lys.
751 1491 788 1520 c.
808 1477 1008 1520 Mantith.
1036 1478 1075 1531 §-
1099 1483 1152 1521 17
1186 1472 1236 1520 οὗ
1267 1476 1350 1534 γὰρ
1377 1476 1511 1530 μόνον
1542 1477 1597 1518 τὰ
1627 1477 1988 1534 προςταττόμενα
2012 1476 2196 1522 ἐποίουν

209 1541 474 1603 προθύμως,
505 1545 673 1603 saepius
703 1546 834 1591 etiam
853 1544 909 1590 ad
935 1557 1030 1589 eam
1050 1543 1199 1589 referri
1217 1558 1325 1602 quae
1344 1545 1444 1589 inde
1466 1545 1584 1601 sequi
1604 1547 1714 1592 solet
1732 1547 1777 1590 in
1796 1560 1972 1591 munere
1992 1551 2192 1605 suscepto

207 1613 524 1661 abundantiam.
583 1615 653 1662 Sic
681 1615 793 1673 apud
820 1615 963 1671 ipsum
990 1613 1164 1671 Lysiam
1195 1613 1265 1659 Or.
1293 1614 1395 1660 XXI
1426 1614 1464 1670 §-
1495 1619 1549 1659 23
1582 1611 1892 1670 οὐδεπώποτε,
1931 1616 2195 1675 λειτουργεῖν

208 1678 321 1738 ὑπὲρ
359 1680 478 1737 ὑμῶν
519 1682 621 1727 δέον
660 1681 942 1742 (ἐμνήσθην),
989 1678 1031 1725 εἶ
1058 1678 1256 1740 τοσούτῳ
1286 1682 1573 1740 πενεστέρους
1596 1683 1695 1736 τοὺς
1723 1684 1891 1736 παῖδας
1920 1682 2193 1742 καταλείψω,

209 1742 320 1794 ἀλλὰ
350 1749 465 1796 πολὺ
482 1752 647 1808 μᾶλλον
673 1749 713 1798 εἰ
732 1751 793 1813 μὴ
814 1750 1062 1812 προθύμως
1082 1749 1259 1811 ποιήσω
1277 1749 1335 1796 τὰ
1354 1750 1710 1812 προςταχθέντα,
1739 1755 1783 1800 et
1803 1752 1959 1811 (Dem.)
1979 1767 2015 1799 e.
2036 1754 2193 1812 Euerg.

207 1821 252 1864 et
279 1819 460 1867 Mnesib.
490 1823 529 1880 g.
549 1827 606 1866 48
639 1821 716 1879 ἐμὲ
744 1819 955 1882 ἠδίκησαν
980 1823 1311 1879 λειτουργοῦντα
1336 1822 1419 1879 μὲν
1449 1821 1549 1879 ὑμῖν
1583 1819 1851 1880 προθύμως,
1897 1827 2112 1866 ποιοῦντα
2142 1821 2194 1866 δὲ

205 1887 264 1934 τὰ
291 1888 668 1948 προςταττόμενα,
712 1893 786 1937 sed
816 1895 988 1952 propter
1017 1906 1112 1938 eam
1145 1906 1273 1951 quam
1303 1907 1432 1951 supra
1459 1894 1547 1939 iam
1578 1894 1707 1940 attuli
1733 1907 1927 1948 oausam,
1957 1894 2070 1951 quod
2098 1897 2193 1940 tum

205 1959 250 2003 in
271 1961 543 2016 sequentibus
572 1963 773 2007 iteratam
801 1963 1246 2008 commemorationem
1273 1964 1525 2008 haberemus
1557 1977 1782 2008 munerum
1808 1963 2078 2021 publicorum
2096 1965 2194 2009 lau-

194 2028 369 2079 tissime
394 2029 623 2086 editorum,
653 2033 698 2077 id
727 2033 901 2079 minime
930 2034 976 2078 iu
1004 2034 1118 2078 huno
1139 2033 1307 2091 quidem
1326 2033 1471 2078 locum
1491 2033 1641 2078 cadere
1661 2046 1785 2090 posse
1809 2033 2153 2078 existimaverim.

353 2098 438 2144 Sed
482 2102 636 2154 restat,
677 2103 728 2146 ut
769 2101 995 2148 dicendum
1035 2115 1128 2147 esse
1164 2102 1358 2148 videatur
1398 2102 1450 2148 de
1492 2102 1585 2147 loco
1625 2101 1766 2159 aliquo
1797 2101 2026 2161 Hyperidis
2055 2115 2192 2161 nuper

205 2170 400 2222 invento,
436 2171 508 2227 qui
535 2171 572 2214 si
601 2172 715 2216 reete
747 2172 942 2226 haberet,
974 2172 1209 2219 certissime
1237 2172 1352 2218 illius
1382 2172 1434 2217 de
1466 2185 1547 2229 quo
1577 2173 1720 2230 agitur
1749 2185 1853 2216 usus
1880 2173 2040 2216 veritas
2068 2173 2190 2217 evin-

204 2239 385 2283 oeretur.
444 2237 611 2296 Scripta
649 2240 763 2287 enim
799 2242 879 2287 sub
908 2241 1038 2287 finem
1067 2241 1269 2287 orationis
1298 2241 1487 2287 funebris
1513 2243 1558 2287 in
1583 2254 1743 2300 papyro
1772 2242 1879 2286 haec
1909 2241 2040 2287 verba
2068 2241 2192 2287 inve-

204 2306 398 2352 niuntur:
455 2302 581 2365 οἶμαι
617 2308 667 2354 δὲ
705 2309 781 2355 καὶ
815 2309 917 2364 τοὺς
948 2310 1026 2370 τὴν
1065 2310 1181 2370 πρὸς
1218 2304 1429 2370 ἀλλήλους
1463 2309 1616 2371 φιλίαν
1655 2314 1719 2369 τῷ
1757 2307 1881 2369 δήμῳ
1919 2307 2192 2367 βεβαιότατα

204 2374 546 2434 ἐνδειξαμένους,
604 2378 717 2437 λέγω
753 2380 791 2424 δ’
825 2377 1064 2439 ,Ἁρμόδιον
1102 2379 1179 2442 καί
1214 2379 1590 2439 Ἀριστογείτονα,
1647 2375 2191 2425 οὗθενουσουτὼαυ-

204 2461 915 2507 τοισοικειοτερουσυμειν
962 2444 1076 2494 εἶναι
1125 2447 1313 2505 νομίζειν
1356 2448 1428 2504 ὥς
1470 2450 1720 2508 Λεώσθενη
1773 2450 1849 2495 καὶ
1890 2449 1996 2502 τούς
2038 2447 2189 2508 ἐκείνῳ

204 2517 632 2574 συναγωνισαμένους
665 2512 755 2562 οὐδ’
787 2515 953 2578 ἑτέροις
982 2515 1037 2563 ἂν
1068 2520 1235 2575 μᾶλλον
1262 2516 1290 2578 ἢ
1316 2516 1490 2573 τούτοις
1523 2515 1768 2580 πλησιάσαι
1800 2518 1845 2564 ἒν
1861 2517 2033 2574 Ἅιδου,
2081 2532 2189 2577 quae

203 2585 266 2630 ita
294 2598 387 2630 esse
411 2587 594 2646 legenda
624 2589 822 2635 videntur
852 2586 1028 2642 οὐδένας
1058 2587 1196 2641 οὕτως
1224 2586 1375 2643 αὑτοῖς
1403 2587 1692 2648 οἰκειοτέρους
1721 2587 1821 2646 ὑμῖν
1853 2584 1965 2633 εἶναι
1997 2585 2190 2644 νομίζειν

1861 2664 1889 2703 4
