2436 3053
170 111 232 158 20

171 225 468 284 πάσχομεν
497 225 725 278 retineret,
757 224 870 281 quod
902 236 1004 268 sane
1035 235 1121 267 non
1150 221 1347 281 intelligo
1362 257 1373 277 ,
1405 225 1616 281 quomodo
1646 227 1741 272 tum
1769 228 1886 272 stare
1905 228 2030 285 posit.
2091 228 2175 275 Sed

171 299 351 355 apparet
389 310 439 343 ex
476 296 531 341 iis
574 307 681 354 quae
723 293 1001 347 antecedunt,
1047 305 1132 337 non
1169 293 1242 351 agi
1285 292 1336 337 de
1363 288 1595 350 praeterito
1623 294 1766 354 aliquo
1795 297 1986 356 tempore
2019 297 2094 343 sed
2123 297 2175 344 de

169 368 440 427 praesentia,
469 367 615 424 itaque
644 363 789 409 nescio
817 376 874 408 an
905 365 949 407 et
977 362 1137 407 rectius
1171 365 1216 408 et
1246 363 1415 409 facilius
1445 364 1627 409 oratoris
1656 378 1811 412 manus
1839 367 2093 416 restituatur
2111 368 2175 413 ita

170 441 223 483 ut
253 440 488 483 scribamus
517 434 622 479 ὅταν
651 433 733 492 γὰρ
763 431 791 493 ἢ
799 434 864 493 δη
894 431 1175 493 ἡγώμεθα.
1236 433 1359 488 Quod
1393 435 1454 479 sio
1488 437 1632 480 orator
1651 436 1888 494 significat,
1919 451 2027 495 quae
2047 451 2174 496 saepe

169 507 258 553 iam
299 506 452 552 salutis
492 505 752 564 reipublicae
788 503 1006 560 patefacta
1044 516 1137 548 esse
1177 503 1270 550 visa
1310 503 1368 550 sit
1397 505 1489 558 via,
1541 518 1636 551 eam
1667 520 1838 553 reorum
1867 508 2100 553 sceleribus
2130 510 2175 552 et

168 577 434 636 prohibitam
465 588 558 621 esse
588 577 633 620 et
664 573 902 632 prohiberi,
935 574 990 618 ad
1017 573 1062 616 id
1087 573 1174 617 iam
1208 576 1387 632 apparet
1413 587 1542 632 quam
1561 576 1744 622 maxime
1767 576 2022 635 respondere
2044 577 2173 623 etiam

167 648 279 692 illud
308 649 551 703 perfectum
577 639 885 702 ἀντειλῆφθαι.
946 644 1068 697 Quod
1096 644 1324 699 scripserat
1343 645 1492 701 Lysias
1522 642 1603 703 ἤδη
1631 643 1843 702 ἡγώμεθα
1874 648 1911 691 si
1938 648 2094 692 omissa
2124 660 2175 692 ea

170 729 279 775 quae
318 714 550 774 repetenda
586 714 679 759 erat
707 712 855 760 littera
882 715 1103 760 exaratum
1133 715 1227 759 erat
1254 714 1669 761 ΗΔΗΓΩΜΕΘΛ
1684 751 1695 770 ,
1740 716 1867 762 facile
1896 717 1992 762 fieri
2021 718 2173 776 potuit,

168 788 221 831 ut
250 799 356 838 non,
403 784 760 841 quemadmodum
789 783 993 837 debebat,
1048 782 1274 828 adderetur
1302 783 1450 828 littera
1480 781 1508 842 ἤ
1520 819 1531 838 ,
1584 799 1691 843 quae
1723 788 1836 831 esset
1865 787 2045 841 omissa,
2099 787 2175 831 sed

112 879 114 882 ·
167 856 439 900 mutarentur
480 852 587 896 duae
623 866 730 908 quae
768 855 885 895 recte
928 854 1110 907 scriptae
1152 854 1275 896 erant
1313 853 1505 906 litterae,
1532 855 1605 898 'ut
1644 868 1721 911 pro
1762 851 2174 900 duobus‘vocabulis

167 939 255 970 una
295 924 537 969 efficeretur
573 922 693 967 verbi
731 922 872 966 forma
909 923 964 966 ad
1003 922 1239 966 sententiae
1276 922 1487 968 rationem
1524 923 1600 968 illa
1640 925 1812 982 quidem
1849 927 2024 970 minime
2061 928 2172 983 apta.

169 994 317 1039 Simile
345 993 449 1049 quid
478 993 567 1037 iam
597 1005 725 1047 supra
756 993 1087 1035 commemoravi
1117 1005 1157 1048 p.
1184 996 1251 1035 16.

320 1062 690 1116 Quemadmodum
724 1062 886 1105 factum
917 1063 1000 1113 est,
1041 1062 1090 1103 ut
1119 1062 1226 1103 haec
1253 1061 1383 1104 verba
1416 1064 1806 1118 corrumperentur,
1853 1063 1915 1105 sic
1944 1064 2088 1108 nescio
2120 1077 2174 1108 an

167 1134 253 1181 alio
300 1145 466 1191 quoque
509 1131 555 1174 in
601 1130 696 1175 loco
741 1130 1017 1176 librariorum
1055 1130 1323 1188 negligentia
1363 1131 1590 1176 obscurata
1628 1132 1684 1177 sit
1724 1132 1959 1177 sententiae
2001 1133 2172 1177 veritas.

165 1203 348 1261 Legitur
390 1201 505 1246 enim
543 1200 589 1243 in
629 1202 736 1246 orat.
767 1199 910 1244 XXXI
940 1212 975 1244 c.
999 1200 1248 1255 Philonem,
1288 1200 1325 1256 g.
1360 1205 1411 1243 31
1444 1213 1485 1257 p.
1508 1204 1594 1244 889
1626 1201 1677 1246 R.
1709 1201 1807 1253 πῶς
1847 1200 1885 1244 δ’
1918 1197 2038 1254 εἰκός
2078 1199 2174 1246 ἐστι

166 1276 326 1317 τοῦτον
339 1306 349 1326 ,
390 1265 440 1322 ὃς
479 1263 580 1314 οὐδὲ
607 1270 856 1321 τελευταῖος
881 1268 961 1313 ἐπὶ
990 1268 1094 1321 τοὺς
1122 1266 1344 1321 κινδύνους
1374 1265 1508 1327 ἦλθε,
1544 1266 1761 1327 πρότερον
1784 1274 1872 1313 τῶν
1904 1284 2174 1329 κατεργασα-

166 1340 308 1400 μένων
350 1338 423 1385 καὶ
467 1336 581 1383 οὕτω
621 1341 939 1398 συντιμηθῆναι
952 1357 966 1394 ‚-
1024 1338 1169 1384 Facile
1211 1340 1278 1383 est
1315 1337 1565 1394 intellectu,
1616 1339 1722 1384 haec
1762 1340 1823 1385 sic
1857 1340 1970 1385 inter
2003 1353 2049 1386 se
2089 1353 2174 1387 non

166 1411 360 1468 potuisse
390 1410 613 1466 coniungi,
643 1422 742 1452 cum
769 1405 989 1465 πρότερον
1023 1411 1067 1451 et
1097 1410 1419 1465 συντιμηθῆναι
1448 1409 1562 1451 inter
1594 1421 1639 1452 se
1671 1409 1758 1453 sint
1786 1409 1912 1465 plane
1944 1410 2171 1455 contraria.

166 1481 320 1537 Itaque
350 1479 440 1523 iam
459 1478 660 1524 Reiskius
693 1477 822 1522 scribi
841 1476 981 1521 voluit
1003 1475 1075 1520 καὶ
1097 1473 1260 1519 οὑτωσί
1279 1491 1327 1532 γε
1347 1479 1607 1535 τιμηθῆναι,
1642 1492 1772 1534 quum
1790 1478 2173 1524 Rauchensteinius

169 1547 311 1601 οὕτως
341 1541 478 1601 α’ξίων
508 1547 580 1592 vel
599 1545 673 1589 καὶ
693 1541 903 1589 τοιούτων
923 1541 1060 1588 ὄντων
1079 1547 1342 1610 τιμηθῆναι,
1374 1547 1421 1590 P.
1443 1546 1654 1591 Miillerus
1676 1545 1752 1591 καὶ
1773 1544 1885 1591 οῧτω
1907 1544 2172 1601 σπουδαίων,

168 1618 392 1664 Scheibius
432 1615 507 1660 διὰ
546 1613 778 1666 τούτους
816 1613 939 1671 (τοὺς
979 1613 1216 1670 κινδύνους)
1257 1611 1319 1657 ἂν
1360 1616 1603 1674 τιμηθῆναι
1642 1616 1879 1661 conficeret.
1942 1617 2024 1661 Sed
2066 1619 2172 1663 haec

169 1688 315 1734 omnia
352 1699 503 1734 vereor
529 1699 583 1730 ne
615 1686 702 1730 sint
730 1685 889 1737 otiosa,
930 1686 1079 1742 utpote
1109 1698 1218 1741 quae
1250 1698 1301 1729 ex
1329 1684 1679 1730 antecedentibus
1706 1700 1784 1742 per
1815 1700 1860 1731 se
1888 1687 1982 1744 ipsa
2010 1687 2172 1732 intelli-

167 1759 339 1818 gantur.
401 1756 524 1812 Quod
552 1755 773 1813 Kayserus
814 1755 983 1812 saepius
1018 1754 1153 1799 suasit
1185 1769 1259 1812 πρ.
1288 1754 1374 1798 τῶν
1405 1768 1571 1812 κατεργ.
1613 1753 1711 1813 τὴν
1751 1751 2004 1800 κάθοδον
2045 1752 2173 1812 ὑμῖν

167 1829 508 1886 τιμηθῆναι,
556 1826 602 1870 id
644 1825 840 1883 quamvis
886 1824 1140 1882 respondeat
1185 1825 1293 1869 bene
1337 1824 1594 1877 sententiae,
1643 1827 1788 1870 tamen
1829 1826 2057 1871 violentius
2094 1828 2173 1881 est,

169 1911 299 1956 quam
328 1899 379 1941 ut
407 1897 546 1954 possit
574 1895 770 1953 probari,
798 1895 1049 1952 praesertim
1079 1896 1276 1953 suspecto
1297 1893 1374 1938 illo
1409 1908 1509 1937 συν
1539 1906 1623 1938 non
1645 1894 1869 1940 emendato
1891 1896 1966 1940 sed
1987 1896 2172 1953 expulso.

168 1967 329 2012 Contra
364 1965 477 2023 quod
514 1965 806 2009 Franckenius
846 1965 875 2010 L
901 1978 938 2007 c.
968 1978 1009 2020 p.
1041 1970 1125 2008 236
1173 1964 1446 2009 scribendum
1487 1977 1579 2008 esse
1610 1967 1747 2022 putat
1788 1961 2005 2024 πρότερον
2031 1964 2173 2010 ἄλλων

166 2033 558 2095 κατεργασαμένων
586 2036 649 2081 ita
675 2035 786 2080 illud
816 2034 986 2091 quidem
1015 2035 1302 2092 superioribus
1333 2033 1696 2091 coniungendum,
1725 2036 1775 2079 ut
1794 2033 1868 2078 καὶ
1889 2026 2001 2079 οὕτω
2021 2035 2171 2091 (nihilo

166 2107 330 2169 minus)
362 2106 424 2150 sic
454 2105 627 2150 demum
656 2118 732 2149 suo
763 2105 858 2150 loco
891 2104 1143 2157 collocetur,
1172 2104 1237 2158 id,
1268 2116 1524 2161 quamquam
1555 2105 1694 2160 prima
1724 2105 1864 2161 specie
1884 2117 2033 2150 verum
2052 2105 2173 2150 vide-

166 2180 262 2230 tur,
309 2190 409 2221 vere
446 2178 594 2220 tamen
636 2188 720 2218 non
762 2177 850 2226 est,
894 2188 994 2218 nam
1031 2175 1228 2230 infringit
1268 2174 1345 2217 illa
1383 2174 1428 2216 in
1461 2174 1614 2229 quibus
1645 2187 1860 2217 summum
1889 2174 2077 2229 positum
2107 2177 2173 2217 est

167 2247 436 2294 momentum
469 2243 681 2291 contrarie
712 2243 852 2291 relata
881 2243 1090 2290 vocabula
1116 2239 1334 2302 πρότερον
1368 2245 1413 2289 et
1431 2243 1689 2297 τελεπαῖος.
1741 2241 1907 2290 Deinde
1927 2257 2013 2290 non
2033 2243 2171 2298 video,

167 2317 402 2374 quomodo,
448 2316 575 2359 Philo
615 2317 710 2359 tota
741 2329 787 2358 re
816 2316 993 2371 peracta
1024 2318 1067 2358 et
1095 2315 1343 2371 perpetrata
1373 2315 1410 2357 si
1440 2315 1654 2366 venisset,
1692 2313 1892 2358 futurum
1924 2313 2079 2366 fuerit,
2122 2315 2173 2358 ut

168 2387 240 2433 vel
260 2387 436 2430 minima
458 2387 621 2430 subiret
641 2385 842 2442 pericula.
874 2386 985 2428 'Puni
1006 2387 1121 2428 certe
1142 2408 1200 2416 -
1222 2384 1423 2439 quoniam
1444 2382 1833 2439 κατεργασαμένων
1851 2383 2065 2438 pertinere
2085 2395 2171 2426 non

166 2457 315 2516 potest
356 2455 410 2500 ad
448 2451 690 2510 κινδύνους,
739 2454 815 2500 sed
853 2453 908 2499 ad
944 2454 990 2498 id
1021 2454 1133 2511 quod
1165 2452 1423 2499 audiendum
1451 2454 1517 2498 est
1545 2451 1786 2510 πράγματα
1816 2478 1864 2485 -
1898 2450 2171 2496 scribendum

167 2527 321 2571 fuisset
349 2520 564 2582 πρότερον
593 2521 736 2568 ἄλλων
761 2521 825 2566 τὰ
856 2523 1104 2566 πλεῖστα
1133 2519 1533 2580 κατεργασαμένων.
1583 2521 1734 2578 Itaque
1761 2519 1951 2564 nondum
1981 2519 2169 2564 deiectus

169 2610 264 2641 sum
291 2596 345 2641 ab
376 2608 427 2640 ea
448 2608 577 2651 quam
595 2594 756 2640 dudum
777 2594 871 2650 cepi
892 2594 1136 2639 coniectura
1156 2593 1330 2651 Lysiam
1354 2618 1411 2625 —
1440 2591 1639 2637 similiter
1658 2592 1709 2636 ut
1729 2592 1795 2636 est
1815 2589 1926 2648 apud
1947 2589 2078 2637 Thuc.
2093 2589 2168 2642 VI,
