2436 3053
100 119 250 178 ‘14

190 238 310 279 λ-ειαν
342 230 416 287 οὐχ
449 231 475 277 ὃ
508 232 801 290 στρατιώτηςῐ
840 247 920 277 nec
949 234 1076 277 aliter
1107 235 1159 277 de
1190 234 1333 278 Nioba
1362 235 1478 293 Plut.
1510 248 1625 279 cons.
1655 235 1722 279 ad„
1753 234 1897 291 Apoll.
1922 248 1961 279 c.
1982 240 2040 279 -28
2071 235 2196 295 ἀνάρ-

188 300 364 349 παστὸν
394 298 525 362 αὐτὴν
555 300 768 360 γενέσθαι
798 299 913 360 πρὸς
942 297 1169 347 ἀπώλειαν
1186 301 1265 363 τὴν
1279 298 1634 364 χαλεπωτάτην),
1665 306 1711 351 et
1731 306 1783 352 de
1803 304 1981 352 urbibus
2002 307 2047 352 et
2064 307 2195 354 terris
2270 340 2290 354 κ

191 374 331 432 (velut
369 374 482 431 apud
521 373 635 416 Plut
665 373 792 416 Dion.
820 385 857 416 c.
893 377 959 416 33.
989 372 1113 417 Diod.
1141 373 1242 418 Exc.
1275 376 1330 417 32
1361 386 1402 429 p.
1433 377 1532 418 590.
1563 374 1659 420 Vol.
1687 376 1756 429 H,
1795 380 1846 428 2,
1886 388 1926 432 p.
1952 380 2037 420 130
2065 375 2192 435 Βᾱίὸ.

186 444 462 501 Sententiam
501 443 640 499 ipsam
672 443 825 500 Lysiae
865 444 962 486 tum
1001 442 1181 486 eandem
1211 455 1304 487 esse
1326 446 1434 499 puto
1465 446 1591 501 atque
1620 446 1925 491 Demosthenis
1953 446 1999 490 in
2026 446 2193 504 Leptin.

190 515 229 571 ἓ.
254 519 308 559 79
329 509 438 569 μίαν
469 510 548 569 μὲν
580 506 714 557 πόλιν
746 507 786 557 εἰ
814 506 1044 556 ἀπώλεσεν
1071 509 1098 571 ἢ
1125 515 1228 566 ναῦς
1256 511 1365 559 δέκα
1393 508 1549 570 μόνας,
1580 511 1686 572 περὶ
1717 513 1967 573 προδοσίας
1981 512 2041 561 ὂν
2060 512 2192 568 αὐτὸν

190 580 466 643 εἰσήγγελλον
503 576 626 626 οὗτοι
664 580 738 625 καὶ
777 578 818 625 εἰ
847 577 979 634 ἑάλω,
1023 580 1099 627 τὸν
1128 579 1288 627 ἅπαντ’
1318 580 1371 627 ἂν
1400 577 1624 628 ἀπολώλει
1649 579 1823 644 χρόνον,
1867 585 1999 632 simili
2025 585 2193 631 ratione

192 668 280 711 qua
309 654 362 698 de
392 654 504 699 falsa
531 655 616 711 leg.
636 654 674 709 §-
699 658 785 696 110
810 653 1072 709 proditorem
1102 653 1208 697 dixit
1237 652 1332 712 τρὶς
1361 650 1438 708 οὐχ
1468 652 1596 708 ἅπαξ
1623 652 1902 699 ἀπολωλέναι
1931 653 2102 700 δίκαιον
2123 656 2193 701 vel

194 739 231 769 c.
262 724 367 769 Mid.
399 725 437 781 §-
464 730 517 769 21
550 722 726 767 πολλῶν
756 717 968 766 θανάτων
998 718 1160 777 ἄξιον]Ι
1204 722 1406 770 Ceterum
1434 724 1472 770 si
1500 724 1571 770 cui
1602 738 1730 783 quam
1759 726 2069 772 restituendam
2099 739 2192 773 esse

193 795 282 839 dixi
312 789 558 848 ἀπώλειαν,
592 807 644 838 ea
672 794 814 837 minus
845 793 1164 837 accommodate
1195 794 1280 837 dici
1306 794 1505 839 videatur
1532 792 1737 855 μεγίστη,
1766 796 1892 841 facile
1924 798 2008 841 erit
2036 797 2192 841 addere

194 865 325 909 etiam
353 864 485 908 aliam
516 864 827 916 coniecturam,
846 866 907 908 ut
935 866 1032 921 τῆς
1061 859 1360 920 αἰσχίστης
1389 860 1682 917 ἀπωλείας
1711 867 1940 919 scribatur,
1973 880 2079 923 quae
2099 868 2193 923 ipsa

193 933 404 978 vocabula
435 934 541 978 orat.
573 933 657 977 VH
688 932 739 977 de
771 933 878 978 Olea
907 933 946 989 g.
971 937 1025 977 15
1057 932 1103 976 in
1132 933 1224 977 cod.
1245 931 1344 976 Vat.
1370 932 1554 977 Bekkeri
1587 934 1772 979 alterum
1800 948 1898 980 cum
1926 935 2061 981 altero
2090 949 2192 981 con-

191 1003 288 1048 fusa
307 1003 597 1048 inveniuntur.
649 1002 719 1048 Sic
740 1003 942 1048 restituto
963 1002 1058 1047 loco
1078 1001 1149 1046 vix
1170 1002 1414 1059 quisquam,
1444 1002 1611 1059 opinor,
1632 1006 1895 1050 assentiatur
1913 1006 2193 1060 Franckenio‚

193 1074 266 1130 qui
297 1073 460 1119 Comm.
491 1074 589 1131 Lys.
620 1087 662 1129 p.
686 1078 772 1116 232
811 1074 918 1117 haec
953 1085 1119 1128 quoque
1150 1073 1282 1117 verba
1312 1073 1629 1127 diasceuastae,
1673 1074 1747 1130 qui
1775 1074 1929 1130 Lysiae
1959 1076 2192 1120 orationem

194 1143 270 1187 aut
313 1142 358 1186 in
402 1142 533 1188 breve
576 1142 788 1188 contraxit
830 1145 905 1188 aut
944 1142 1134 1194 refinxit,
1185 1142 1328 1198 potius
1363 1155 1494 1199 quam
1531 1143 1701 1201 vulgari
1736 1143 1910 1189 librario
1941 1143 2193 1201 imputanda
2236 1172 2239 1174 Δ

193 1215 342 1259 censet
373 1213 571 1270 idemque
603 1226 731 1271 aegre
753 1226 779 1257 a
800 1225 846 1257 se
865 1212 1096 1268 impetrare
1117 1211 1303 1257 affirmat
1315 1246 1327 1265 ‚
1360 1215 1408 1257 ut
1427 1214 1534 1258 haec
1554 1213 1698 1259 omnia
1717 1213 1899 1270 Lysiaca
1917 1215 2052 1270 putet.
2074 1239 2134 1245 —

340 1285 392 1327 In
430 1284 579 1328 eadem
611 1283 802 1327 oratione
834 1283 984 1326 contra
1012 1282 1239 1326 Philonem
1265 1282 1415 1327 habita
1446 1285 1547 1327 sunt
1575 1283 1771 1328 nonnulli
1799 1283 1885 1327 loci
1916 1282 2193 1329 dubitationis

191 1351 453 1409 plenissimi,
495 1365 600 1411 quos
639 1365 774 1410 paene
813 1350 1010 1407 desperes
1049 1351 1141 1397 sine
1181 1351 1375 1396 codicum
1405 1365 1484 1409 ope
1513 1352 1558 1397 in
1588 1353 1807 1410 integrum
1834 1364 2037 1408 umquam
2067 1364 2192 1409 posse
2249 1391 2260 1397 χ

191 1421 384 1476 restitui,
415 1434 678 1479 quamquam
707 1421 790 1466 viri
818 1420 1057 1466 doctissimi
1090 1422 1134 1464 et
1163 1421 1431 1478 sagacissimi
1461 1422 1507 1466 in
1537 1422 1798 1479 explicandis
1819 1423 1896 1466 aut
1919 1422 2193 1467 emendandis

188 1492 278 1536 illis
311 1492 503 1535 studium
534 1494 578 1535 et
608 1504 783 1548 operam
807 1492 1137 1536 collocaverunt.
1197 1491 1289 1534 Alii
1308 1493 1458 1535 contra
1476 1492 1636 1545 minus,
1668 1491 1780 1548 quod
1801 1492 1956 1543 sciam,
1986 1492 2033 1534 in
2052 1491 2192 1547 suspi-

192 1562 358 1606 cionem
388 1564 490 1606 sunt
520 1561 681 1614 vocati,
712 1573 971 1617 quamquam
998 1573 1052 1604 ne
1081 1560 1147 1605 illi
1179 1560 1351 1618 quidem
1379 1563 1495 1605 recte
1527 1561 1725 1606 videntur
1753 1574 1847 1606 esse
1878 1560 2039 1617 scripti.
2100 1559 2192 1614 Quo

188 1631 235 1676 in
275 1644 451 1677 numero
481 1632 583 1675 sunt
618 1630 696 1675 illa
736 1631 866 1676 verba
896 1643 1004 1687 quae
1034 1630 1072 1686 g.
1097 1635 1153 1674 10
1182 1644 1224 1688 p.
1247 1635 1333 1676 875
1362 1631 1413 1676 R.
1440 1632 1644 1689 leguntur
1673 1628 1821 1675 καίτοι
1849 1645 1898 1687 γε
1927 1628 2051 1682 ὅστις
2078 1623 2193 1674 εὐτυ-

182 1703 375 1755 χοῦντας
414 1697 527 1758 ὁρῶν
565 1697 683 1755 ὖμᾶς
719 1695 885 1755 ἐτόλμα
927 1695 1189 1756 προδιδόναι
1217 1697 1264 1744 τί
1294 1715 1407 1743 ποτε
1437 1697 1495 1752 ὡς
1526 1700 1587 1759 μὴ
1615 1696 1873 1756 βουλόμεθά
1898 1714 1946 1755 γε
1975 1697 2193 1756 πράττον-

188 1785 270 1821 τας
301 1765 511 1827 ἒποίησεν
541 1766 620 1823 ἄν;
648 1769 892 1814 Accusatur
912 1767 1037 1813 Philo
1069 1768 1182 1824 quod
1210 1770 1374 1825 patriae
1405 1770 1654 1815 discrimina
1676 1768 1904 1827 aliquando
1926 1781 2023 1812 cum
2044 1768 2199 1814 ceteris

193 1836 530 1884 Atheniensibus
559 1838 677 1885 adire
707 1837 918 1890 noluerit,
948 1836 1024 1881 sed
1051 1838 1193 1895 potius
1218 1850 1318 1884 suas
1347 1839 1483 1897 ipsius
1513 1852 1583 1885 res
1608 1851 1742 1897 agens
1769 1836 1987 1897 privatum
2007 1827 2197 1887 commo-

194 1908 297 1953 dum
326 1909 585 1967 reipublicae
618 1910 748 1955 saluti
772 1908 1079 1967 praeposuerit.
1140 1909 1235 1953 Iam
1264 1911 1500 1965 sequuntur
1531 1922 1581 1954 ea
1609 1921 1717 1966 quae
1745 1916 1874 1965 supra
1900 1907 2025 1965 posui
2054 1906 2196 1961 verba,

189 1991 299 2035 quae
326 1980 401 2024 uni
432 1979 745 2025 dubitationem
774 1980 1003 2025 moverunt
1022 1979 1299 2031 Markland0‚
1327 1979 1402 2036 qui
1432 1979 1562 2024 scribi
1591 1978 1730 2025 voluit
1757 1974 1816 2030 ὡς
1834 1974 1895 2037 μὴ
1913 1972 2198 2035 ἧβουλόμεθα

190 2048 351 2101 „aliter
371 2053 502 2105 quam
522 2051 818 2096 voluissemus.
866 2050 932 2095 De
952 2048 1195 2104 praeteritis
1217 2048 1331 2093 enim
1353 2064 1492 2095 sermo
1515 2051 1628 2102 est“‚
1660 2062 1792 2104 quum
1810 2046 2198 2096 Rauchensteinius

191 2119 344 2163 contra
379 2118 620 2176 explicandi
645 2118 761 2166 viam
789 2118 982 2166 inveniat
1006 2118 1052 2164 in
1083 2118 1259 2176 optandi
1288 2119 1447 2173 forma,
1485 2132 1571 2176 qua
1598 2119 1692 2165 tota
1721 2116 1799 2164 illa
1826 2115 2064 2162 enuntiatio
2088 2126 2196 2162 ean-

190 2188 448 2254 dem-plane
468 2190 629 2257 ¹habeas]
659 2190 918 2234 sententiam
949 2191 1076 2245 atque
1110 2186 1149 2232 εἶ
1177 2188 1238 2247 μὴ
1269 2189 1413 2240 καλῶς
1432 2184 1535 2231 τότε
1556 2180 1856 2246 ἐπράττομενζ
1884 2198 1993 2243 quae
2025 2186 2198 2242 quidem

333 2281 371 2325 2)
396 2280 524 2317 Simile
558 2281 648 2327 quid
680 2281 795 2318 latere
828 2282 974 2318 videtur
1008 2280 1120 2317 etiam
1149 2280 1190 2317 in
1222 2279 1344 2316 verbis
1372 2279 1504 2325 Lysiae
1533 2279 1573 2318 in
1605 2281 1697 2317 orat.
1723 2278 1817 2317 xm
1852 2288 1884 2317 ο.
1910 2277 2063 2323 Agorat.
2091 2276 2124 2321 §-
2149 2275 2196 2312 5¹7

191 2340 315 2374 καίτοι
350 2340 384 2373 εἰ
417 2338 560 2380 ἐκεῖνος
591 2337 808 2383 ἀπέθανεν,
856 2338 881 2384 ἦ
914 2352 993 2375 που
1024 2335 1230 2387 Ἀγόρατός
1261 2349 1306 2384 γε
1343 2337 1499 2378 δικαίως
1531 2336 1802 2374 ἀποθανεῖται.
1860 2334 1948 2373 Non
1978 2335 2058 2371 sine
2086 2344 2197 2371 causa

191 2395 378 2443 Kayserus
402 2396 519 2433 voluit
543 2397 700 2434 scribere
717 2395 739 2441 ἦ
756 2409 832 2432 που
848 2396 971 2444 Ἀγορ.
997 2397 1076 2431 καὶ
1103 2396 1128 2430 δ
1140 2409 1154 2429 ι
1167 2408 1189 2430 κ
1201 2409 1225 2430 α
1238 2393 1281 2431 ιό
1294 2408 1314 2429 τ
1326 2408 1408 2444 ερο
1420 2408 1443 2431 ν
1465 2395 1526 2431 vel
1548 2393 1642 2442 σφό
1657 2394 1742 2444 δρα
1767 2406 1811 2441 γε
1829 2394 1989 2433 δικαίως
2006 2393 2064 2429 cll.
2082 2392 2118 2438 §-
2135 2392 2193 2428 69.

189 2455 235 2493 Id
260 2454 463 2501 simplicius
484 2454 630 2492 videtur
654 2464 735 2492 esse
761 2455 837 2495 δὶς
861 2454 1092 2497 δικαίως,
1119 2455 1164 2491 ut
1187 2454 1245 2490 est
1266 2453 1307 2491 in
1332 2453 1517 2492 omme,
1534 2453 1636 2491 Erat.
1653 2452 1751 2498 §.37
1777 2450 1862 2488 ὥστ’
1895 2450 1966 2487 οὐκ
1991 2448 2065 2486 οἶδ’
2091 2449 2132 2493 ὅ,
2157 2463 2195 2486 τι

190 2513 255 2549 δεῖ
284 2511 408 2548 πολλὰ
446 2516 669 2561 κατηγορεῖν
701 2510 893 2549 τοιούτων
914 2511 1065 2561 ἀνδρῶν
1097 2512 1136 2547 οἳ
1169 2510 1251 2547 οὐδ’
1289 2510 1384 2561 ὑπὲρ
1408 2510 1492 2551 ἑνὸς
1517 2508 1675 2546 ἑκάστου
1699 2511 1776 2547 τῶν
1799 2509 2084 2559 πεπραγμένων
2117 2507 2143 2543 δ
2150 2509 2195 2548 ις

191 2570 452 2608 ἀποθανόντες
486 2573 597 2615 δίκην
632 2573 768 2607 δοῦναι
806 2569 975 2605 δύναιντ’
1002 2569 1060 2605 ἄν.
1085 2570 1130 2607 cf.
1153 2581 1182 2606 c.
1207 2569 1413 2615 Agoratum
1434 2570 1470 2614 ἐ.
1487 2569 1533 2606 91
1563 2568 1605 2603 ἔκ
1637 2567 1780 2607 παντὸς
1810 2568 1855 2603 δὲ
1879 2564 2029 2614 τρόπου
2060 2567 2194 2611 ἔμοιγε

190 2626 298 2665 δοκεῖ
320 2627 391 2676 οὐχ
414 2626 527 2671 ἑνὸς
553 2626 779 2665 θανάτου
807 2624 915 2671 ἄξιος
939 2625 1049 2665 εἶναι.
