2436 3053
187 190 249 236 3⁰

186 299 320 350 ne'ea
346 296 534 362 quidem¹
554 319 663 362 quae
692 295 928 361 sequuntur
955 297 1007 348 οὗ
1034 297 1115 361 γὰρ
1143 296 1289 361 δήπου
1315 305 1445 347 τοῦτο
1464 298 1598 358 μόνον
1624 299 1912 349 σἰἐταιένέ
1934 298 2202 364 αὕτσφαίρᾳ,

186 371 263 419 ἐάν
300 390 371 428 τις
410 370 523 433 ξύλῳ
558 371 601 434 ἢ
615 366 809 434 μοᾴαίρᾳ
849 365 1052 427 πατᾶξας
1079 368 1328 432 καταβάλῃ,
1374 368 1481 417 ἐπεὶ
1508 368 1560 417 ἔκ
1586 385 1636 429 γε
1665 375 1748 417 τοῦ
1777 375 1860 418 σοῦ
1887 370 2019 432 λόγου
2048 367 2200 428 οὐδείς

185 440 430 505 φανήσεται
455 438 719 495 ἀποκτείνας
736 440 839 494 τοὺς
855 438 1035 500 ἄνδρας,
1067 435 1142 494 οὓς
1162 439 1216 486 σὺ
1235 438 1509 501 απέγραψας
1526 445 1645 488 recte
1665 442 1866 497 haberet,
1896 457 2029 506 quum
2049 440 2194 488 οἴεται

186 515 359 577 passiva
392 513 704 580 significatione
749 513 911 557 dictum
946 512 1135 557 nondum
1171 514 1300 558 certis
1330 512 1436 557 locis
1466 512 1691 591 quisqmm
1721 513 1980 569 probaverit.
2040 515 2202 573 Itaque»

188 585 309 632 varia
346 574 560 629 medicina
599 583 742 628 verbis
775 584 929 648 parata
958 574 1025 627 est
1055 595 1081 627 a
1107 581 1212 627 viris
1241 582 1401 637 doctis,
1447 581 1521 639 qui
1547 582 1732 628 maxime
1762 584 1839 628 aut
1868 581 2086 640 νομίζεται
2115 588 2192 631 aut

188 658 281 699 νοεῖ
316 650 371 699 τό
407 654 682 700 scribendum
722 666 816 698 esse
842 654 1133 704 censuerunt,
1179 646 1362 710 quorum
1399 653 1583 698 alterum
1623 653 1677 697 ab
1715 653 2001 701 Herwerdeno
2040 656 2193 701 inven-

189 728 285 770 tum
337 727 382 769 et
442 740 468 770 a
522 724 671 769 multis
719 724 969 780 probatum,
1031 735 1289 780 quamquam
1341 722 1454 779 apud
1510 725 1658 780 poetas
1713 725 1758 767 et
1809 724 1923 781 apud
1962 724 2192 772 Platonem

185 790 461 858 potissimum
510 795 719 851 scriptum
765 792 971 850 legitur,⁶
1028 794 1176 837 tamen
1214 792 1385 846 dubito,
1441 805 1544 837 num
1588 793 1827 838 oratoribus
1872 795 2006 859 tribui
2041 796 2192 853 possit,

189 865 302 924 apud
342 876 449 922 quos
462 896 472 916 ‚
527 875 786 921 quamquam
823 862 1069 918 saepissime
1111 862 1220 905 data*
1251 864 1344 905 erat
1381 861 1569 914 occasio,
1620 876 1839 918 nunquam
1880 866 2025 908 tamen
2064 865 2192 909 huius

185 933 355 992 generis
406 932 574 978 dicendi
617 932 857 989 exemplum
895 944 965 975 me
1001 932 1144 988 legere
1181 932 1369 975 memini.
1442 931 1594 987 Itaque
1634 931 1751 975 aliud
1785 932 1887 988 quid
1929 934 2063 978 latere
2104 936 2193 979 exi-

187 1004 315 1049 stimo
356 1004 402 1047 in
440 1004 642 1059 corrupto
676 1002 753 1046 illo
790 996 952 1055 οἰέεται,
1000 1001 1113 1057 quod
1155 1002 1191 1045 si
1233 1000 1284 1046 de
1314 1000 1506 1058 Agorato
1545 1001 1663 1057 ipso,
1702 1001 1747 1045 id
1778 1003 1890 1062 quod
1921 1005 2063 1049 voluit·
2087 1006 2190 1050 Boia
2266 1057 2269 1062 p

187 1075 328 1127 skins,
363 1071 693 1130 intelligendum
726 1073 860 1125 esset,
902 1073 1026 1132 certe
1047 1068 1247 1129 οἰήσεται
1277 1071 1550 1116 scribendum
1579 1070 1745 1116 fuisset.
1805 1072 1899 1116 Nec
1924 1075 2063 1132 magis
2091 1088 2193 1132 pro-

188 1145 378 1190 bandum
417 1145 483 1187 est
524 1142 637 1199 quod
666 1142 1021 1187 Westermannus
1051 1141 1188 1186 voluit
1226 1136 1310 1185 οἰέ
1324 1157 1361 1194 ι,
1410 1154 1494 1198 quo
1524 1142 1744 1199 Agoratus
1770 1155 1899 1198 quam
1926 1143 2063 1201 ipsam
2092 1147 2205 1189 sen-'

188 1213 373 1260 tentiam
411 1212 570 1259 habere
607 1214 735 1257 antea
765 1212 1012 1265 incusatur,
1058 1224 1155 1256 eam
1194 1211 1345 1256 deinde
1379 1213 1500 1269 sequi
1531 1214 1780 1271 negaretur,
1827 1213 1940 1270 quod
1968 1213 2061 1257 fieri
2088 1204 2204 1258 sane'

185 1297 272 1329 non
306 1284 479 1342 poterit.
539 1282 749 1339 Flagitari
788 1282 977 1335 videtur,
1022 1284 1072 1325 ut
1110 1283 1380 1339 intelligatur
1423 1282 1584 1337 aliquid
1625 1283 1841 1327 communi
1871 1284 2061 1327 omnium
2092 1296 2193 1328 sen-

188 1355 326 1398 tentia
366 1352 703 1408 comprobatum.
783 1352 934 1406 Itaque
979 1351 1166 1394 scribere
1206 1351 1432 1394 maluerim
1476 1348 1526 1392 οὗ
1572 1350 1653 1406 γὰρ
1699 1350 1843 1409 δήπου
1885 1355 2015 1395 τοῦτο
2055 1348 2190 1406 μόνον

189 1419 558 1478 ὁμολογεῖται
588 1418 660 1465 ἐπ’
693 1415 947 1478 αὐτοφώρῳ.
1012 1420 1102 1463 Nec
1132 1419 1365 1475 quidquam
1394 1419 1526 1464 habet
1555 1419 1799 1464 offensionis
1829 1420 1908 1465 illa
1936 1422 2190 1478 apostrophe

190 1488 292 1535 ἐπεὶ
322 1488 374 1535 ἔκ
401 1505 450 1547 γε
475 1492 556 1533 τοῦ
587 1491 687 1533 σοῦ
716 1487 864 1546 λόγου,
910 1502 1039 1546 quam
1078 1490 1201 1533 erant
1239 1489 1310 1546 qui
1344 1489 1671 1546 improbandam
1699 1491 1743 1533 et
1773 1484 2066 1547 expellendam
2096 1499 2192 1534 cen-

188 1562 334 1607 serent
348 1595 358 1614 ,
399 1572 658 1616 quamquam
696 1572 794 1603 cum
819 1559 865 1602 in
891 1558 985 1603 aliis
1014 1558 1298 1611 orationibus,
1343 1560 1438 1602 tum
1466 1559 1510 1602 in
1540 1560 1621 1603 hac
1653 1560 1836 1603 maxime
1865 1560 2038 1615 Lysiam
2064 1573 2204 1603 usumu

187 1642 244 1675 ea·
270 1630 401 1674 fuisse
432 1629 622 1674 invenies
655 1630 730 1672 aut
761 1629 845 1680 ita,
892 1631 942 1671 ut
970 1627 1142 1671 omnino
1175 1628 1379 1672 orationis
1406 1628 1550 1685 aliqua
1576 1631 1700 1685 parte
1733 1630 1956 1673 accusator
1986 1629 2040 1672 ad
2071 1642 2192 1673 reum

190 1712 235 1744 se
267 1700 536 1744 converteret
566 1698 618 1741 cf.
649 1698 688 1753 g.
712 1702 767 1740 26
799 1722 859 1729 —
890 1702 959 1740 28.
993 1702 1061 1740 32.
1085 1701 1155 1740 59.
1180 1699 1270 1750 61.,
1301 1699 1377 1741 aut
1405 1698 1467 1741 ita
1493 1700 1544 1741 ut
1576 1698 1737 1742 sedatis
1766 1699 1907 1742 verbis
1938 1712 2046 1754 quae
2077 1698 2193 1743 facta

192 1770 337 1813 essent
374 1780 587 1824 exponens
625 1767 838 1811 iudicibus
879 1767 1020 1811 subito
1059 1779 1235 1812 aversus
1274 1768 1464 1812 oratione
1504 1769 1558 1812 ab
1597 1781 1747 1812 eorum
1786 1781 1968 1823 persona
1996 1768 2040 1811 in
2071 1781 2192 1812 reum

185 1837 329 1896 ipsum
356 1836 730 1882 vehementIssime
757 1837 1053 1889 inveheretur,
1083 1838 1132 1880 ut
1161 1838 1200 1892 g.
1223 1842 1292 1880 48.
1323 1842 1392 1881 53.
1422 1841 1490 1880 58.
1523 1841 1577 1881 75
1611 1840 1655 1881 et
1686 1843 1755 1886 87.

340 1977 503 2021 Verum
541 1977 647 2021 haec
685 1978 904 2021 hactenus.
965 1976 1097 2021 Plura
1128 1975 1243 2022 enim
1272 1977 1497 2033 quominus
1527 1976 1780 2032 scriberem,
1830 1976 2067 2034 prohibitus
2097 1988 2194 2023 sum

192 2048 373 2092 adversa
409 2046 677 2101 valetudine,
717 2060 801 2103 qua
827 2046 1019 2104 quidem,
1060 2061 1110 2092 ex
1140 2061 1222 2105 quo
1254 2049 1353 2092 ante
1382 2048 1462 2092 hos
1494 2047 1598 2092 duos
1629 2060 1762 2092 annos
1792 2061 1843 2093 ex
1870 2047 2073 2105 pestifero
2104 2047 2193 2101 illo,

195 2118 269 2174 qui
294 2120 386 2162 tam
413 2117 564 2163 multis
594 2117 739 2162 letalis
766 2117 871 2171 fuit,
901 2118 1050 2163 morbo
1082 2118 1165 2163 Dei
1194 2117 1497 2178 omnipotentis
1525 2116 1753 2163 clementia
1785 2120 1956 2178 ereptus
1983 2115 2209 2171 convalui,⁴

192 2189 400 2245 perpetuo
437 2188 525 2233 fere
568 2187 790 2240 laborans,
836 2188 918 2232 hoc
955 2187 1048 2244 ipso
1085 2200 1196 2232 anno
1235 2188 1503 2245 aliquantum
1543 2189 1749 2246 temporis
1778 2189 2031 2246 gravissime
2063 2189 2193 2233 etiam

196 2259 375 2311 vexatus
415 2257 613 2303 dolebam
626 2292 636 2310 ‚
681 2259 731 2302 ut
766 2270 820 2301 ne
861 2257 1094 2301 subsecivis
1124 2257 1298 2313 quidem
1330 2270 1428 2302 cum
1456 2257 1598 2315 aliquo
1619 2257 1762 2302 fructu
1790 2259 1857 2302 uti
1886 2271 2056 2314 possem
2081 2259 2194 2302 tem-

336 2443 374 2487 6)
399 2442 454 2479 De
484 2442 668 2480 sententia
701 2440 861 2478 hominis
892 2441 1029 2478 dictum
1060 2442 1118 2478 est
1144 2441 1203 2479 Pl.
1227 2441 1319 2489 Rep.
1345 2441 1382 2485 Ι,
1407 2441 1478 2480 835
1501 2441 1543 2478 Ε.
1570 2443 1605 2477 εἰ
1630 2440 1702 2491 ἄρα
1726 2441 1772 2478 τὰ
1797 2440 2027 2489 ὀφειλόμενα
2052 2440 2194 2488 ἑκάστῳ

191 2497 431 2538 ἀποδιδόναι
460 2503 557 2549 φησί
581 2513 617 2536 τι
619 2513 637 2541 ς
660 2500 812 2538 δίκαιον
837 2499 935 2536 εἶναι
945 2529 954 2543 ,
979 2512 1021 2535 το
1001 2501 1088 2536 offro
1115 2500 1155 2536 δὲ
1187 2499 1234 2545 δὴ
1258 2503 1339 2536 νοεῖ
1360 2499 1476 2547 αὐτῷ,
1506 2503 1583 2540 τοῖς
1586 2499 1678 2591 ιῒμὲν
1702 2499 1859 2550 ἐχθροῖς
1881 2496 2025 2544 βλάβην
2042 2496 2192 2546 ὀφείλε-

191 2562 286 2594 σιθα
319 2557 426 2607 παρὰ
461 2570 505 2593 το
512 2560 531 2594 ὖ
567 2559 719 2594 δικαίου
759 2556 915 2607 ἀνδρὸς,
974 2562 1032 2598 οἷς
1069 2559 1112 2593 δὲ
1148 2560 1281 2609 φίλοις
1316 2556 1525 2605 ὠφέλεινα,
1611 2553 1704 2601 κῆν
1728 2556 1889 2605 σοφὸςο
1913 2570 1982 2592 ται,
1986 2570 2032 2593 τα
2059 2555 2193 2593 εἰπών.

191 2614 373 2652 Similiter
397 2616 442 2652 de
465 2617 603 2653 oraculi
626 2617 704 2661 (Ar.
729 2615 829 2654 Plut.
854 2615 916 2661 55)
945 2618 984 2653 et
1007 2615 1051 2653 de
1072 2617 1169 2663 legis
1197 2606 1380 2655 sententia
1407 2613 1483 2660 (Ar.
1495 2613 1605 2653 Nub.
1632 2613 1753 2662 1168.)
1777 2618 1816 2653 et
1839 2612 1884 2652 de
1907 2614 2065 2662 singulis
2090 2624 2196 2652 voca-

193 2672 313 2718 bulis,
339 2675 383 2712 ut
404 2674 543 2721 cratyL
571 2684 609 2720 p·
626 2673 697 2713 407
722 2673 765 2710 Ε.
787 2672 924 2712 416A.
