2436 3053
2144 107 2204 152 27

208 223 591 274 commemoratur,
618 220 754 270 frater
781 220 873 263 erat
892 219 1176 277 Dionysodori
1203 219 1411 264 taxiarchi
1424 252 1434 272 ,
1468 232 1594 275 quem
1623 219 1804 277 triginta
1835 221 1918 264 viri
1943 222 2051 267 falso
2077 221 2200 279 Ago-

206 294 293 338 rati
318 292 496 337 crimine
523 290 711 335 delatum
735 288 886 346 capitis
912 289 1229 333 damnaverant.
1275 288 1398 343 Quod
1429 289 1567 333 scelus
1598 291 1649 333 ut
1675 290 2003 345 ulciscerentur,
2033 292 2196 348 aliquot

206 362 330 408 annis
350 364 449 420 post
477 361 569 418 ipse
599 373 697 404 cum
726 359 861 404 fratre
888 359 1030 404 uxoris
1062 358 1194 402 occisi
1218 358 1524 414 Dionysodori,
1554 359 1623 403 cui
1642 359 1793 416 Lysias
1819 361 1930 404 hanc
1959 362 2196 407 orationem

207 430 400 488 scripsit,
451 431 644 488 Agorato
694 429 750 474 ad
789 428 1112 473 Undecimviros
1151 430 1274 484 rapto
1314 441 1487 473 cansam
1524 430 1822 481 intenderunt,
1874 430 1996 475 cuius
2033 430 2198 483 libello,

206 515 288 558 quo
326 500 483 548 certius
513 500 729 558 Agoratus
771 499 1147 551 condemnaretur,
1194 498 1485 543 Undecimviri
1523 498 1606 555 ipsi
1643 502 1890 551 suaserunt,
1934 503 1983 544 ut
2011 500 2200 545 formula

206 569 462 615 adficeretur
502 568 573 613 ἐπ’
611 563 862 628 αὐτοφώρῳ.
923 567 1003 612 Cui
1040 568 1384 624 exceptiunculae
1422 568 1662 624 Agoratus,
1709 570 1758 611 ut
1795 581 1873 625 par
1912 571 2023 621 erat,
2065 583 2198 626 quum

204 643 505 698 repugnasset,
529 642 672 685 orator
701 639 746 683 id
777 639 869 695 agit
896 639 947 681 ut
977 637 1259 690 demonstret,
1289 638 1380 681 iure
1406 650 1456 680 30
1477 638 1631 681 11131110
1653 638 1860 681 eiusmodi
1882 639 2040 682 actioni
2059 636 2197 695 (ἀπα-

204 710 334 768 γωγῇ)
362 722 454 753 3333
489 710 656 761 10011111,
697 721 955 764 quamquam
982 719 1067 750 non
1096 707 1140 750 in
1169 707 1262 763 ipso
1302 707 1461 751 scelere
1491 707 1776 763 deprehensus
1806 708 1937 752 fuerit
1965 708 2197 765 Ageratos.

204 779 323 823 Haec
363 778 534 834 quidem
572 790 648 833 per
688 789 734 820 se
764 778 858 834 ipsa
898 789 1027 833 quum
1064 776 1170 820 satis
1208 777 1408 832 pateant,
1459 776 1626 833 singula
1667 779 1812 821 tamen
1849 777 2030 822 01310113
2066 778 2197 821 verba

203 848 352 892 multis
382 847 624 891 nominibus
656 847 835 891 obscura
864 847 976 889 sunt.
1026 846 1092 889 Ac
1120 846 1306 901 primum
1338 845 1507 902 quidem
1528 860 1614 889 non
1634 847 1739 891 satis
1759 846 2036 903 perspicitur,
2065 860 2197 902 quae-

145 936 149 939 >
203 930 305 962 nam
344 915 402 961 sit
439 916 571 960 totius
611 915 889 960 conformatio
928 914 1249 968 enuntiationis,
1291 914 1411 958 cuius
1442 916 1661 971 praeterea
1691 916 1823 961 etiam
1852 929 1980 972 quam
2008 916 2192 961 maxime

201 987 396 1031 laborare
423 986 589 1031 videtur
619 985 843 1031 sententia.
901 985 1014 1029 Hinc
1044 985 1207 1029 factum
1238 986 1399 1039 331,111
1429 984 1638 1042 Sauppius
1668 986 1715 1030 in
1743 999 1808 1042 39.
1830 986 1885 1030 ad
1911 986 1962 1031 G.
1982 986 2209 1030 Hermam.

201 1068 305 1101 num
330 1070 371 1113 p.
405 1061 490 1099 142
519 1056 580 1100 sic
610 1055 879 1100 scribendum
910 1067 1001 1098 esse
1033 1055 1280 1098 conficeret:
1317 1054 1495 1098 δοκοῦσι
1523 1054 1561 1097 δ’
1590 1051 1737 1111 ἐζιιοιγε
1765 1069 1810 1098 οι
1840 1052 1994 1098 ἕνδεκα
2013 1080 2073 1087 -
2095 1049 2156 1099 οὗ
2169 1072 2194 1099 κ

200 1122 390 1180 οἰόμενοι
405 1121 496 1181 Ἀγ.
526 1139 688 1181 συμπρ.
719 1120 821 1168 τότε
849 1122 924 1167 κάὶ
954 1123 1084 1177 διισχ.
1115 1137 1191 1181 σφ.
1212 1118 1312 1180 ὀρθ.
1333 1139 1383 1167 π.
1404 1119 1601 1178 Acorea„
1634 1123 1711 1182 τὴν
1738 1118 1817 1167 ἀπ.
1852 1117 2061 1180 ἀπάγειν,
2100 1123 2195 1168 καὶ

200 1188 348 1250 ἀναγκ.
366 1193 455 1236 κτλ.
486 1192 721 1246 „Videntur
740 1193 846 1236 mihi
865 1191 1170 1245 Undecimviri,
1194 1192 1266 1249 qui
1284 1192 1329 1235 in
1348 1193 1413 1235 ius
1435 1193 1704 1236 vocationem
1724 1195 2193 1248 300393111111,11111111113

199 1263 441 1319 Agoratum
480 1261 686 1313 adiuturi,
728 1262 964 1305 rectissime
1004 1262 1172 1313 fecisse,
1217 1262 1328 1316 quod
1365 1264 1408 1304 et
1446 1262 1694 1305 institerunt
1731 1265 1781 1305 ut
1808 1263 2037 1319 Dionysius
2074 1257 2122 1305 ἀγ
2122 1279 2194 1304 ια·

199 1333 314 1390 γωγῇ
342 1330 582 1388 Agoratum
622 1342 742 1374 reum
781 1330 963 1382 faceret,
1015 1331 1059 1373 et
1089 1330 1341 1387 Dionysium
1379 1332 1610 1386 coegerunt
1651 1331 1695 1375 in
1738 1330 1885 1375 libello
1929 1331 2082 1376 addere
2110 1332 2193 1376 hoc

198 1403 338 1458 ipsum
368 1397 438 1444 ἐπ’
467 1394 748 1458 αὐτοφώρῳὲ
809 1399 925 1453 Quae
958 1399 1170 1443 sententia
1196 1399 1433 1442 rectissime
1463 1400 1640 1443 haberet
1653 1433 1663 1451 ‚
1704 1400 1787 1444 nisi
1814 1413 1889 1456 per
1917 1401 2191 1445 interiectum

197 1471 306 1515 illud
345 1466 521 1527 σφόδρα
558 1463 709 1524 ὀρθῶς
736 1472 925 1526 ποιῆσαι
957 1469 1197 1513 veta-remur
1226 1463 1585 1524 διισχυριζόμενοι
1613 1481 1711 1513 cum
1739 1464 1975 1512 Διονύσιον
2003 1468 2079 1527 τὴν
2112 1466 2190 1513 ἀπ.

197 1537 384 1596 ἀπάγειν
435 1538 711 1595 coniungere,
771 1550 900 1593 quum
945 1535 1052 1582 illud
1095 1537 1141 1580 in
1197 1549 1279 1594 quo
1329 1550 1541 1581 summum
1590 1538 1656 1581 est
1701 1539 1969 1582 momentum
2015 1534 2191 1595 σφόδρα

199 1602 304 1666 ὀρθ.
331 1609 518 1666 ποιῆσαι
556 1607 617 1650 310
658 1607 959 1663 interpositum
999 1607 1163 1650 duabus
1203 1606 1290 1650 illis
1332 1607 1696 1650 enuntiationibus
1735 1619 1819 1650 non
1848 1607 2002 1650 debeat
2032 1608 2190 1651 obscu-

199 1678 307 1730 rari,
353 1677 465 1732 quod
506 1677 606 1720 ante
647 1675 722 1719 καὶ
760 1671 1121 1733 διισχυριζόμενοι
1161 1676 1402 1732 necessario
1442 1678 1536 1719 erat
1573 1677 1828 1731 ponendum.
1889 1676 1987 1720 Huc
2019 1677 2185 1720 accedit

199 1746 311 1805 quod
350 1741 697 1803 διισχυρίζεσθαι
740 1758 825 1790 11011
855 1758 906 1790 33
935 1758 1019 1802 qua
1045 1744 1252 1802 Sauppius
1282 1744 1422 1790 voluit
1449 1744 1759 1803 significatione
1789 1745 1989 1789 instandi
2018 1747 2057 1788 et
2086 1745 2189 1789 hor-

194 1816 321 1860 tanda‘
350 1815 518 1859 videtur
546 1827 670 1871 posse
702 1815 797 1858 dici.
841 1817 991 1871 Itaque
1021 1816 1101 1858 hoc
1124 1815 1294 1870 quidem
1316 1816 1485 1858 nomine
1506 1816 1665 1859 rectius
1685 1817 1835 1870 postea
1857 1815 2066 1871 Sauppius
2088 1828 2188 1859 cum

194 1885 553 1931 Rauchensteinio
594 1885 754 1929 versati
792 1885 836 1928 in
879 1885 961 1928 hoc
1000 1885 1094 1929 loco
1136 1883 1400 1929 emendando
1439 1885 1659 1941 scripsisse
1690 1885 1890 1929 videntur
1919 1885 2098 1928 δοκοῦσι
2129 1909 2189 1917 -

193 1950 367 2013 ταῦτην,
412 1970 509 1998 ουκ
551 1950 752 2036 οἶόμεῖοι
764 1947 910 2010 Αγορ.
940 1967 1100 2011 σιμπρ.
1125 1949 1244 2008 τότε,
1286 1947 1430 1997 ἀλλὰ
1463 1954 1666 2012 διισχυρη
1706 1968 1783 2012 σῳ.
1811 1951 1913 2008 ὀρθ.
1946 1969 2018 2008 π.,
2060 1956 2190 1998 Aaou.

194 2027 255 2082 τῇ
293 2019 515 2080 ἀπαγωγῇ
554 2016 614 2080 ἢν
653 2016 850 2079 ἀπάγει,
892 2015 1040 2079 ἅναγκ.
1068 2038 1242 2080 προςγρ.
1272 2020 1325 2065 τό
1359 2038 1407 2078 γε
1438 2018 1509 2065 ἐπ’
1536 2020 1627 2067 αὐτ.
1659 2037 1787 2080 quam
1817 1989 2103 2067 coniecturam
2137 2036 2188 2068 ex

195 2094 317 2148 parte
356 2093 661 2148 praeceperant
694 2092 900 2148 Taylorus
941 2094 985 2136 et
1024 2092 1234 2137 Sluiterus
1268 2092 1388 2136 lectt.
1419 2092 1582 2137 Andoc.
1621 2106 1662 2148 p.
1691 2096 1790 2136 255.
1819 2092 1894 2147 qui
1934 2093 2079 2136 tamen
2113 2091 2189 2150 τὴν

196 2155 437 2219 ἀπαγωγὴν
469 2156 660 2216 εἰσάγειν
692 2161 863 2217 scripsit
892 2163 937 2205 et
966 2160 1141 2220 σφόδρα
1171 2155 1321 2219 ὀρθῶς
1348 2164 1535 2220 ποιῆσαι
1564 2159 1802 2205 Διονύσιον
1831 2161 1884 2205 ab
1912 2161 1988 2205 1110
2021 2161 2188 2215 διισχυ-

198 2224 414 2288 ριζόμενοι
453 2242 659 2286 3113931133
696 2243 787 2274 3333
829 2230 1048 2282 voluerat,
1100 2230 1213 2286 quod
1253 2230 1423 2286 quidem
1465 2230 1623 2275 rectius
1662 2231 1821 2275 habere
1861 2229 1998 2274 videri
2036 2231 2188 2285 possit,

197 2311 328 2356 quum
366 2296 715 2357 διισχυρίζεσθαι
753 2299 824 2343 vix
854 2312 930 2355 per
953 2312 999 2344 se
1021 2300 1171 2357 ipsum
1200 2301 1387 2358 positum
1413 2301 1645 2357 intelligas.
1705 2301 1937 2344 Praeterea
1967 2295 2082 2343 ἄλλά
2110 2312 2186 2356 910

198 2381 247 2414 30
278 2370 392 2426 quod
419 2371 486 2414 est
510 2369 555 2414 in
586 2370 705 2415 codd.
735 2366 811 2413 καί
841 2369 1029 2426 positum
1058 2372 1189 2416 habet
1213 2384 1315 2415 sane
1336 2371 1449 2427 quod
1470 2370 1666 2415 offendat.
1717 2369 1907 2423 Quorum
1928 2369 2188 2415 sententiam

196 2437 485 2483 Franckenius
516 2453 556 2496 p.
589 2445 645 2483 96
685 2440 748 2484 ita
786 2441 853 2483 est
884 2441 1077 2493 secutus,
1125 2442 1176 2484 ut
1203 2439 1279 2498 τὴν
1308 2436 1545 2498 ἀπαγωγὴν
1574 2435 1845 2496 ἆπάγοντ’
1873 2433 2186 2496 ἀναγκάζοντες

194 2503 585 2566 προσγράψασθαι
614 2509 838 2562 scriberet,
876 2508 952 2553 sed
982 2510 1113 2554 verba
1138 2508 1212 2554 καὶ
1241 2504 1603 2566 διισχυριζόμενοι
1633 2508 1815 2575 deleret,
1846 2522 1955 2565 quae
1985 2506 2187 2551 difficilli-

194 2588 314 2620 mum
343 2589 445 2621 sane
478 2579 545 2622 est
564 2578 808 2634 intellectu,
840 2578 1050 2635 quomodo
1070 2578 1244 2623 tandem
1263 2577 1309 2621 in
1329 2577 1523 2622 ordinem
1543 2578 1772 2623 verborum
1790 2577 1935 2671 venire
1954 2575 2189 2632 potuerint.

1829 2651 1857 2689 4
