2436 3053
2140 87 2221 131 21⁷

212 205 290 255 90,
332 205 357 245 2
394 227 451 233 ——
482 200 701 257 scripsisse
741 196 961 258 πρότερον
997 200 1084 243 τῶν
1122 199 1509 259 κατεργασαμένων
1554 197 1582 259 ἢ
1611 199 1704 245 καὶ
1733 198 1849 245 οὕτω
1876 206 2198 263 συντιμηθῆναι

208 271 320 317 Tum
347 271 553 317 habemus
581 282 683 327 quo,
712 269 766 331 iis
796 282 904 327 quae
935 269 1150 315 contraria
1176 272 1278 315 sunt
1306 271 1509 325 servatis,
1536 270 1703 315 tollitur
1734 270 1846 327 quod
1865 272 1977 316 inter
1996 287 2041 318 se
2070 287 2197 334 repu-

208 343 335 401 gnat,
374 353 508 398 quum
543 341 687 385 orator
725 339 931 396 affirmet,
970 355 1024 386 ne
1062 340 1212 385 iisdem
1242 340 1415 399 quidem
1444 341 1596 398 quibus
1626 341 1701 385 alii
1731 343 1934 385 ornentur
1962 344 2193 389 honoribus

68 424 73 429 ’
137 438 141 444 ·
206 413 385 470 dignum
406 424 498 456 esse
517 411 760 464 Philonem,
791 412 950 457 nedum
968 414 1018 456 ut
1036 412 1155 468 prius
1182 425 1309 468 quam
1330 412 1404 456 alii
1426 412 1476 456 de
1497 413 1714 469 republica
1734 414 1892 469 opfime
1912 414 2193 472 meritiPhy-

206 484 347 529 lenses
376 483 558 539 publicis
600 482 753 527 debeat
782 483 904 540 fungi
932 482 1193 527 muneribus.
1208 484 1227 510 ⁴
1286 482 1408 537 Quod
1436 483 1657 540 praeterea
1684 483 1814 528 etiam
1851 484 2069 530 offensioni
2100 487 2195 531 erat

206 552 424 598 nonnullis
458 549 601 596 οὕτω
628 555 966 612 συντιμηθῆναι,
997 553 1043 596 1(1
1073 565 1333 610 quamquam
1361 566 1447 597 11011
1475 554 1581 598 satis
1610 554 1794 598 dilucide
1825 555 1870 597 et
1897 553 2094 597 distinete
2125 555 2192 598 est

208 622 388 674 dietum,
426 625 476 666 ut
513 619 685 673 τούτοις
714 624 1034 680 συντιμηθῆναι
1066 623 1195 665 scribi
1223 623 1370 674 malis,
1415 626 1561 667 tamen
1596 625 1696 667 ferri
1725 637 1849 678 posse
1881 623 1987 667 mihi
2014 624 2192 668 videtur.

206 692 321 737 Nam
348 691 456 737 illud
494 688 635 736 οὕτω
672 690 994 748 explicationem
1024 704 1144 737 suam
1172 691 1304 737 habet
1333 691 1378 736 in
1410 704 1538 737 eausa
1567 705 1676 749 quae
1707 692 1848 751 agitur
1876 692 1992 749 ipsa,
2036 705 2119 749 qua
2148 692 2194 737 id

206 762 374 807 efficere
413 762 558 807 studet
599 762 841 815 aecusator,
898 775 951 806 ne
989 762 1114 806 Philo
1156 761 1415 818 amplissimo
1457 764 1701 807 senatorum
1743 762 1889 807 ordine
1920 763 2073 819 dignus
2104 762 2191 806 exi-

205 833 417 879 stimetur.
1552 845 1559 852 ’

351 903 451 946 Non
485 902 626 946 minus
661 903 706 944 in
746 902 934 945 oratione
965 901 1049 944 VH
1090 901 1140 945 de
1182 902 1276 945 olea
1305 901 1464 945 zhabita
1504 902 1778 946 inveniuntur
1791 935 1801 954 ‚
1846 901 1890 945 in
1928 901 2081 957 quibus
2119 901 2190 946 vel

202 973 301 1028 post
335 971 660 1016 subtilissimam
698 983 845 1015 eorum
872 971 959 1026 {qui
996 970 1047 1014 de
1077 970 1229 1027 Lysiae
1269 970 1530 1014 orationibus
1562 971 1732 1027 egregie
1762 973 2012 1014 meruerunt
2040 983 2188 1014 euram

203 1043 270 1086 est
298 1040 410 1097 quod
440 1040 638 1084 offendas.
699 1039 766 1083 Ao
799 1040 986 1096 primum
1016 1039 1098 1083 duo
1129 1042 1229 1083 sunt
1258 1040 1366 1092 1001,
1397 1041 1443 1082 111
1473 1040 1624 1095 quibus
1655 1038 1716 1091 ὡς
1735 1042 1833 1095 post
1854 1041 2191 1095 comparativum

203 1112 362 1167 legitur
390 1111 603 1166 positum,
633 1110 745 1165 quod
776 1110 887 1166 apud
911 1123 1062 1166 prosae
1094 1110 1295 1154 orationis
1321 1110 1548 1167 scriptores
1579 1123 1682 1154 num
1712 1109 1805 1153 fieri
1831 1109 1967 1165 possit
1980 1143 1991 1163 ‚
2020 1121 2105 1153 non
2125 1109 2192 1154 in-

201 1180 312 1225 iuria
340 1179 526 1225 dubitari
554 1178 722 1224 videtur
754 1191 779 1223 a
808 1179 911 1223 viris
941 1179 1090 1224 doctis.
1145 1180 1287 1237 Atque
1319 1179 1387 1223 his
1416 1179 1519 1236 ipsis
1549 1179 1654 1223 loeis
1685 1179 1893 1222 eiusmodi
1922 1191 2048 1222 usum
2076 1181 2190 1222 certe

191 1262 288 1295 non
325 1249 516 1306 probari,
558 1249 603 1293 id
637 1249 762 1293 facile
804 1263 874 1293 me
904 1250 1294 1294 demonstraturum
1324 1262 1416 1293 esse
1448 1262 1582 1305 spero.
1644 1251 1866 1306 Leguntur
1897 1251 2040 1293 autem
2071 1250 2108 1305 g.
2134 1254 2188 1292 12

200 1334 242 1377 p.
265 1324 349 1364 272
377 1320 428 1364 R.
458 1320 563 1364 haec
603 1319 733 1364 verba
757 1314 868 1375 Ἐγὼ
906 1315 1050 1363 τοίνυν
1090 1317 1136 1363 ὲν
1180 1317 1259 1374 μὲν
1290 1321 1353 1377 τῷ
1393 1317 1503 1372 τέως
1538 1316 1698 1377 χρόνῳ,
1747 1315 1845 1364 ὅσοι
1884 1334 1938 1375 με
1978 1318 2191 1377 φάσκοιεν

200 1387 340 1433 δεινὸν
376 1383 490 1431 εἶναι
527 1385 602 1430 καὶ
645 1385 802 1445 ἀκριβῆ
833 1386 908 1430 καὶ
942 1381 1067 1430 σῦδὲν
1094 1384 1149 1429 ἂν
1177 1385 1271 1445 εἰκῇ
1300 1387 1373 1430 καὶ
1404 1384 1646 1443 ἀλογίστως
1676 1391 1883 1445 ποιῆσαι,
1926 1382 2191 1445 ἠγανάκτουν

200 1454 275 1510 ῗίν,
309 1454 537 1515 ἡγούμενος
566 1457 732 1511 μᾶλλον
761 1455 974 1511 λέγεσθαι
1002 1454 1063 1508 ὥς
1093 1472 1171 1511 μοι
1203 1459 1409 1514 προσῆκε·
1441 1459 1511 1500 νῦν
1542 1454 1591 1500 δὲ
1611 1453 1780 1508 πάντας
1801 1453 1855 1500 ἂν
1876 1455 1991 1511 ὑμᾶς
2010 1453 2188 1512 βουλοί-

198 1542 281 1585 μην
308 1524 415 1583 περὶ
436 1524 542 1581 ἐμοῦ
561 1522 720 1584 ταύτην
740 1524 815 1584 τὴν
833 1524 1002 1584 γνώμην
1022 1521 1145 1579 {ficem
1188 1525 1373 1570 Offendit
1391 1526 1479 1570 iam
1501 1526 1706 1583 Taylorus
1725 1526 1798 1582 qui
1817 1526 2039 1583 proposuit
2059 1522 2085 1584 ἢ
2116 1522 2151 1567 ὥ
2165 1540 2187 1576 ς

197 1610 276 1652 μοι
296 1596 523 1654 ἔπροσῆκε,
566 1608 646 1639 1100
686 1596 758 1652 qui
799 1596 935 1639 secuti
967 1597 1067 1638 sunt
1095 1595 1176 1638 viri
1207 1595 1321 1639 docti
1347 1596 1490 1638 locum
1519 1609 1669 1638 sanum
1700 1609 1791 1638 esse
1821 1595 2183 1640 existimaverunt.

198 1664 284 1709 Sed
324 1666 436 1722 quod
472 1667 565 1709 tum
590 1666 729 1709 inesse
760 1665 912 1710 volunt
941 1665 1230 1721 „indignabar
1257 1665 1371 1721 quod
1401 1664 1496 1722 plus
1523 1664 1574 1708 de
1603 1679 1672 1709 me
1702 1663 1787 1709 (1101
1817 1664 2056 1709 arbitrabar
2087 1664 2114 1709 i.
2144 1678 2180 1709 e.

196 1734 405 1781 maiorem
432 1734 537 1780 1111111
567 1734 715 1792 affingi
734 1733 1018 1788 fortitudiniS‚
1051 1717 1316 1792 diligeffim,
1348 1735 1598 1793 prudentiae
1623 1734 1816 1789 laudem,
1846 1747 1975 1791 quam
1995 1746 2103 1791 quae
2125 1734 2181 1779 ad

196 1819 267 1852 me
300 1806 565 1863 pertineret“
595 1806 802 1863 quomodo
843 1805 984 1850 verbis
1014 1805 1076 1849 sio
1102 1805 1273 1863 scriptis
1303 1801 1537 1865 ἡγούμενος
1576 1805 1790 1861 μᾶλλον
1828 1804 2040 1862 λέγεσθαι
2069 1801 2097 1863 ἢ
2125 1801 2186 1856 ὡς

196 1879 394 1936 προσῆκε
445 1876 676 1934 significari
726 1876 935 1932 potuerit,
993 1889 1159 1932 semper
1202 1889 1280 1933 ego
1329 1876 1482 1920 dubius
1522 1876 1773 1929 haerebam,
1826 1888 1904 1919 1100
1934 1876 2182 1933 scrupulum

195 1958 400 2002 umquam
429 1946 535 1990 mihi
566 1946 690 1991 evelli
709 1959 860 2003 passus
881 1958 996 1999 sum,
1026 1946 1138 2001 quod
1159 1959 1243 1989 11011
1263 1946 1429 2000 μᾶλλον
1451 1945 1525 1988 sed
1546 1943 1688 1989 πλείω
1709 1945 1779 1989 vel
1800 1943 1935 1988 πλέον
1956 1945 2183 1989 dicendum

337 2108 376 2155 4)
401 2107 501 2145 Haeo
525 2107 612 2144 dum
632 2106 748 2145 scribo
775 2106 942 2145 recordor
957 2105 1155 2155 Hyperidis
1182 2105 1379 2144 orationem
1405 2116 1471 2154 pro
1487 2105 1721 2154 Lycophrone
1746 2105 1813 2143 001.
1827 2105 1862 2143 9.
1888 2117 1925 2153 p.
1939 2105 2005 2150 27,
2030 2106 2053 2142 9
2071 2105 2181 2143 801111.

197 2164 311 2206 οὐδὲ
346 2166 388 2200 οἰ
423 2165 545 2212 μόνον
570 2167 657 2214 περὶ
681 2168 756 2199 τῶν
781 2164 1001 2214 συνηγόρων
1023 2164 1109 2203 τοὺς
1138 2163 1276 2210 λόγους
1299 2169 1529 2208 πεποίησαι,
1568 2164 1661 2199 ἀλλὰ
1689 2166 1753 2199 καὶ
1778 2164 1846 2207 τὴν
1871 2165 2089 2210 ἀπολογίαν
2114 2165 2181 2208 τὴν

195 2223 292 2273 ἐμὴν
320 2221 529 2265 διατάττεις
556 2224 618 2260 καὶ
644 2223 920 2272 παραγγέλλεις
943 2226 1025 2263 τοῖς
1051 2222 1263 2268 δικασταῖς,
1296 2224 1389 2273 περὶ
1415 2214 1467 2259 ὧν
1495 2221 1556 2259 δεῖ
1578 2219 1710 2262 αὐτοὺς
1737 2219 1935 2258 ἀκούειν
1959 2219 2180 2258 κελεύειν

193 2295 224 2331 μ
238 2294 255 2317 ε
283 2282 379 2316 ἀπο
393 2284 678 2327 λογεῖοθαι,
706 2282 770 2315 καὶ
793 2282 880 2328 περὶ
906 2273 960 2315 ὧν
984 2280 1038 2326 μὴ
1069 2281 1136 2315 ἐᾶν
1160 2283 1291 2326 λέγειν.
1332 2281 1437 2324 Quod
1459 2280 1520 2316 1110
1549 2281 1741 2317 delendum
1762 2291 1840 2316 esse
1857 2281 2000 2316 censuit
2015 2281 2177 2317 Wester-

192 2351 349 2376 mannus
383 2338 553 2381 ἀκούειν,
592 2337 632 2374 id
664 2337 810 2384 quidem
841 2336 986 2375 videtur
1017 2337 1153 2375 habere
1174 2338 1394 2382 rectissime,
1433 2338 1623 2376 dummodo
1649 2338 1786 2376 inserta.
1810 2337 1991 2385 particula
2016 2348 2059 2375 ea
2084 2348 2176 2386 quae

191 2397 397 2436 neeessaria
436 2398 494 2434 est
532 2396 706 2434 restituta
736 2395 998 2433 sententiarum
1029 2396 1279 2434 coniunctione
1310 2396 1507 2434 scribatur:
1548 2396 1748 2432 ἀκούειν
1783 2395 1808 2441 ἢ
1848 2394 2063 2432 κελεύειν
2099 2399 2176 2430 κτλ.

193 2456 290 2502 (vide
317 2456 474 2493 similem
505 2455 724 2492 sententiam
757 2467 823 2502 pro
848 2454 1059 2502 Euxenippo
1085 2457 1151 2493 001.
1174 2456 1220 2492 41
1246 2467 1282 2502 p.
1307 2456 1352 2492 14
1377 2455 1499 2501 Schn.)
1548 2456 1666 2502 Atque
1689 2465 1732 2492 ea
1756 2454 1938 2502 particula
1964 2465 2005 2491 eo
2030 2452 2174 2490 facilius

191 2513 354 2560 potuisse
388 2513 532 2550 videtur
564 2512 686 2550 omitti
716 2513 765 2557 si,
801 2515 845 2550 ut
868 2513 929 2557 fit,
968 2524 1049 2550 cum
1079 2514 1314 2551 antecedente
1343 2514 1469 2550 littera
1501 2517 1541 2548 N
1573 2514 1611 2549 in
1635 2524 1747 2549 unum
1771 2514 1963 2550 coniuncta
1984 2511 2175 2559 legebatur

190 2572 328 2618 scripta
356 2562 981 2606 AKOYEINKEAEYEIN.
