2436 3053
2136 103 2195 149 23

205 222 425 277 praestare
452 219 647 264 videatur
678 230 776 262 cum
795 216 965 262 Dobreo
995 209 1172 259 κάλλιον
1201 214 1397 262 scribere.
1461 215 1545 261 Sed
1574 215 1713 261 simile
1744 215 1846 273 quid
1875 216 2001 265 modo
2033 217 2199 266 dixerat

208 287 477 347 Thucydides
518 285 594 332 καὶ
624 282 831 331 κινδύνων
862 282 954 341 ἅμα
984 280 1112 330 τόνδε
1141 281 1373 334 κάλλιστον
1404 282 1683 341 νομίσαντες,
1735 287 1785 329 ut
1814 287 1885 331 vel
1913 288 1994 332 hoc
2023 291 2196 336 nomine

206 372 293 405 non
320 357 646 414 magnam‘veri
676 356 861 414 speciem
890 356 1048 401 habere
1079 353 1196 399 dicas
1223 354 1348 402 illam
1375 356 1427 400 ut
1454 355 1625 401 facilem
1651 356 1713 401 ita
1742 355 1945 404 subtilem
1975 358 2193 415 coniecta,-

205 441 312 475 ram.
373 425 741 481 Quemadmodum
779 428 925 472 autem
961 423 1127 480 μᾶλλον
1164 419 1369 481 ἡγεῖσθαι
1406 424 1457 468 in
1494 424 1570 468 illo
1604 426 1755 481 Lysiae
1791 426 1885 469 loco
1916 427 2194 475 coniunctum

203 497 393 554 intelligi
417 509 541 552 posse
569 495 776 548 vidimus,
803 495 867 539 ita
893 494 963 539 hic
993 506 1158 550 quoque
1186 495 1302 538 recte
1329 493 1597 539 intellectum
1626 506 1712 539 non
1741 495 1823 539 erit
1843 496 1956 550 quod
1975 496 2195 555 disiunga-

205 579 325 620 mu5‚
357 578 616 622 quamquam
645 578 810 614 sanum*
826 566 870 609 et
897 564 1116 619 integrum
1143 562 1258 607 hunc
1285 563 1428 608 locum
1452 564 1568 610 omni
1597 577 1647 607 ex
1677 565 1797 620 parte
1818 577 1911 609 esse
1932 567 2192 622 negaverim,

205 649 285 682 nec
325 636 416 680 eius
450 634 524 692 qui
560 635 631 679 hic
669 646 836 690 quoque
866 643 963 678 eam
992 645 1100 688 quae
1131 632 1362 689 requiritur
1390 634 1648 677 sententiam
1674 635 1790 677 recte
1823 635 2037 690 perspexit
2066 635 2190 678 Heil-

204 705 350 749 manni
382 705 625 749 coniectum
653 701 680 761 ἥ
708 717 772 758 τῳ
800 697 996 753 ἐνδόντες
1024 702 1255 757 quidquam
1280 702 1428 757 profici
1457 696 1720 757 putaverim,
1760 716 1888 758 quam
1918 703 2191 749 Krahnerum

205 775 377 833 (Philol.
403 775 444 818 X
475 788 517 830 p.
539 774 643 827 489)
683 772 879 816 secutum
918 784 1010 815 esse
1050 786 1100 817 ex
1143 771 1351 816 Classenii
1390 772 1661 817 annotatione
1700 772 1894 828 cognovi.
1964 771 2048 826 Qui
2086 774 2193 819 haec

205 843 463 902 Thucydidis
502 842 635 888 verba
666 841 790 885 affert
816 841 1044 897 Dionysius
1074 842 1174 886 Hal.
1205 855 1269 898 ep.
1293 846 1318 884 2
1351 841 1405 885 ad
1433 842 1627 887 Ammee.
1659 856 1694 886 c.
1720 847 1796 895 16,
1833 842 1870 885 is
1902 854 1987 886 non
2018 843 2190 890 omnino

203 916 323 959 tenet
357 914 479 957 illam
521 925 628 969 quae
670 913 736 956 est
771 911 817 954 in
848 911 1020 967 optimis
1050 910 1310 968 Thucydidis
1340 911 1461 955 codd.
1492 912 1745 967 scripturam
1758 945 1769 963 ‚
1816 913 1891 956 sed
1920 912 2049 956 aliam
2080 926 2188 968 quae

203 984 297 1040 ipsa
336 983 381 1028 in
416 982 580 1038 aliquot
616 981 758 1026 minus
797 980 919 1026 bonis
948 980 1205 1036 Thucydidis
1244 980 1365 1025 libris
1393 994 1495 1025 mss.
1523 981 1760 1026 invenitur:
1803 979 1878 1025 καὶ
1908 978 1953 1023 ἐν
1982 978 2100 1039 αὐτῷ
2127 983 2192 1039 τῷ

203 1046 450 1107 ἀμύνεσθαι
488 1048 562 1093 καὶ
597 1051 790 1102 παθεῖν,
834 1048 946 1093 unde
984 1049 1187 1094 facillime
1222 1050 1375 1093 vitium
1412 1051 1524 1105 quod
1562 1051 1670 1094 latet
1708 1051 1805 1093 tolli
1843 1063 1968 1106 posse
2006 1052 2189 1099 videtur.

205 1121 442 1176 Scripserat
479 1119 614 1170 enim,
661 1119 809 1173 opinor
822 1151 833 1170 ,
878 1117 1146 1175 'rbucydidee
1176 1117 1248 1161 καὶ
1278 1115 1325 1162 ἐν
1353 1117 1470 1179 αὐτῷ
1512 1115 1721 1176 ἑαυτῷν
1753 1117 1804 1163 τὸ
1834 1113 2084 1173 ἀμύνεσθαι
2114 1119 2190 1164 καὶ

202 1191 372 1233 παθεῖν
409 1186 574 1244 μᾶλλον
611 1183 870 1245 ἡγησάμενοι
910 1182 939 1245 ἢ
974 1185 1025 1230 τὸ
1066 1184 1260 1238 ἐνδόντες
1296 1184 1520 1239 σώζεσθαι
1557 1188 1647 1232 κτλ.
1707 1188 1817 1231 Tum
1853 1188 1986 1244 igitur
2019 1189 2190 1240 μᾶλλον

200 1271 338 1314 neque
386 1270 484 1302 cum
526 1257 756 1303 scholiasta
788 1269 865 1311 pro
901 1258 1105 1312 κρεῖσσον
1148 1258 1335 1313 positum
1375 1270 1467 1300 esse
1507 1258 1855 1309 existimandum,
1912 1270 2050 1313 neque
2090 1273 2187 1307 cum

202 1328 400 1384 Krugero
429 1326 484 1372 ad
512 1326 638 1371 Dion.
669 1325 769 1372 Hal„
790 1326 819 1372 l.
841 1339 876 1369 c.
898 1340 938 1382 p.
962 1330 1045 1370 239
1079 1340 1176 1371 cum
1204 1328 1372 1371 παθεῖν
1392 1326 1733 1383 coniungendum
1754 1328 1829 1371 aut
1850 1339 1947 1371 cum
1968 1326 2118 1373 eodem
2139 1328 2184 1373 in

202 1397 346 1439 annot.
379 1396 433 1438 ad
459 1395 751 1450 Thucydidem
778 1395 806 1436 1.
838 1408 874 1437 c.
904 1395 967 1438 ita
1004 1395 1301 1451 explicandum
1340 1397 1426 1446 est,
1475 1397 1525 1437 ut
1563 1393 1744 1452 ἡγησαμ.
1776 1396 1940 1449 μᾶλλον
1977 1397 2092 1440 idem
2128 1400 2186 1442 sit

202 1465 314 1521 quod
343 1465 478 1507 secuti
505 1464 672 1518 mayis,
704 1462 817 1518 quod
845 1464 1081 1509 sententiae
1110 1465 1303 1519 quamvis
1332 1464 1515 1509 maxime
1547 1464 1815 1516 conveniret,
1845 1465 2020 1511 minime
2040 1469 2185 1512 tamen

171 1525 173 1527 ’
198 1535 244 1580 in
275 1535 415 1585 verbis
447 1533 708 1590 siczscriptis
738 1533 876 1578 inesse
904 1535 1060 1588 posset.
1114 1534 1262 1579 Potius
1291 1534 1455 1588 μᾶλλον
1484 1529 1513 1591 ἤ
1542 1533 1649 1579 illud
1680 1533 1885 1591 disiungit
1914 1534 2019 1581 duas
2052 1550 2185 1586 enun-

198 1603 399 1650 fiationee
436 1603 548 1648 inter
587 1615 631 1647 se
673 1602 930 1654 contrarias,
974 1615 1154 1658 quarum
1193 1603 1332 1648 altera
1373 1603 1629 1660 significavit
1662 1605 1806 1647 orator
1844 1603 2030 1649 officium
2069 1607 2183 1663 quod

195 1674 261 1716 illi
290 1674 362 1728 qui
390 1674 435 1715 in
462 1683 652 1728 pugnam
679 1672 1047 1727 proficiscerentur
1079 1674 1160 1715 sibi
1187 1673 1449 1724 iniunctum,
1496 1669 1677 1726 (ἑαυτῶν
1708 1667 1858 1729 (εἶναι)
1888 1671 2180 1732 ἡγησάμενοι),

199 1742 335 1787 altera
372 1740 482 1787 illud
519 1740 630 1797 quod
668 1753 793 1797 quam
831 1741 1012 1787 maxime
1051 1742 1300 1798 fugiendum
1343 1755 1435 1785 esse
1474 1742 1556 1785 sibi
1594 1740 1816 1785 crederent
1845 1741 2027 1788 dedecus
2057 1741 2102 1802 (ἢ
2131 1743 2183 1790 τὸ

198 1806 394 1863 ἐνδόντες
424 1805 687 1866 σώζεσθαι),
718 1810 768 1852 ut
796 1809 963 1866 μᾶλλον
994 1833 1050 1845 --
1079 1807 1106 1869 ἢ
1130 1811 1201 1858 hic
1231 1822 1398 1867 quoque
1428 1811 1589 1855 usitata
1614 1823 1691 1855 sua
1711 1811 2019 1867 significatione
2038 1815 2183 1868 magis

197 1881 267 1923 vel
300 1881 452 1932 potius
491 1893 625 1932 quam
664 1880 851 1934 positum
889 1893 968 1923 nec
1009 1893 1107 1923 cum
1143 1878 1351 1936 ἡγεῖσθαι
1381 1880 1723 1935 coniungendam
1750 1894 1842 1924 esse
1875 1886 2089 1937 appareat,
2124 1911 2180 1917 —

196 1948 344 2004 Neque
383 1948 507 1993 aliter
549 1949 681 1993 habet
710 1946 875 2002 μᾶλλον
904 1947 950 1992 in
979 1947 1054 1993 illo
1086 1948 1179 1994 loco
1208 1949 1498 2006 Xenophontis
1529 1949 1679 2007 Oyrop.
1701 1949 1786 2002 ΠΙ,
1830 1954 1855 1994 3
1868 1983 1879 2003 ‚
1912 1955 1965 1994 19
1997 1947 2110 2010 ἡμᾶς
2141 1951 2180 1995 δ’

196 2012 351 2069 αὐτοὺς
389 2014 771 2075 θαρραλεωτέρους
805 2014 881 2058 τὸν
918 2014 1109 2061 κίνδυνον
1148 2015 1286 2069 οὕτως
1314 2015 1538 2074 (terrorem
1565 2019 1808 2062 incutiendo
1838 2020 2051 2075 hostibun)
2081 2018 2184 2077 ἡμῖν

193 2085 275 2141 μὲν
313 2084 477 2129 ἐλάττω
507 2084 735 2141 λογίζομαι
774 2088 869 2138 τοῖς
885 2088 894 2090 ‘
910 2085 960 2130 δὲ
989 2084 1223 2141 πολεμίοις
1250 2084 1403 2142 μείζω,
1452 2085 1566 2130 πολὺ
1592 2084 1645 2130 ἂν
1673 2088 1843 2143 μᾶλλον.
1874 2087 1951 2131 καὶ
1981 2085 2005 2133 ὁ
2032 2088 2182 2147 πατὴρ

194 2146 266 2200 ἀεὶ
295 2153 410 2212 λέγει
442 2152 589 2200 καὶσὺ
611 2151 795 2214 φής’καὶ
829 2150 874 2199 οἱ
902 2150 1027 2200 ἄλλοι
1057 2153 1107 2201 δὲ
1135 2153 1301 2209 πάντες
1324 2152 1618 2213 ὁμολογοῦσιν,
1649 2154 1710 2209 ὥς
1738 2153 1784 2199 αἲ
1803 2152 1942 2213 μάχαι
1963 2155 2180 2215 κρίνονται

193 2225 359 2280 μᾶλλον
394 2228 494 2277 ταῖς
534 2227 699 2281 ψυχαῖς
736 2223 764 2283 ἢ
792 2227 891 2276 ταῖς
928 2226 1016 2268 τῶν
1056 2221 1271 2281 σωμάτων
1311 2223 1498 2283 ῥώμαις,
1548 2228 1620 2283 qui
1647 2240 1781 2283 nuper
1810 2240 1895 2273 non
1926 2228 2033 2273 satis
2062 2231 2179 2274 recte

193 2295 362 2340 videtur
388 2308 479 2340 esse
507 2297 717 2340 tractatus
751 2307 778 2339 a
796 2295 1030 2339 Pantazide
1061 2295 1207 2351 διορθ.
1235 2294 1359 2353 παρὰ
1379 2294 1537 2353 Ξενοφ.
1559 2296 1603 2340 Π
1623 2311 1662 2354 p.
1688 2302 1755 2340 14.
1775 2322 1833 2330 -
1861 2298 1905 2341 Is
1936 2297 2052 2341 enim
2072 2297 2178 2343 scri—

192 2364 378 2408 bendum
408 2377 500 2408 esse
534 2365 753 2423 proposuit
786 2362 901 2407 πολὺ
936 2363 1037 2426 γὰρ
1065 2365 1263 2419 μᾶλλον,
1289 2367 1401 2421 quod
1430 2368 1493 2410 ita
1529 2366 1727 2423 coniungi
1757 2366 1894 2411 voluit
1921 2380 2019 2410 cum
2050 2368 2178 2412 verbo

191 2431 426 2488 κρίνονται,
469 2437 519 2477 ut
557 2434 689 2478 verba
727 2432 800 2480 καὶ
839 2429 863 2476 ὅ
889 2432 1034 2490 πατὴρ
1064 2459 1114 2466 -
1141 2430 1431 2490 ὁμολογοῦμεν
1460 2437 1679 2491 tamquam
1707 2436 1934 2480 interiecta
1969 2435 2176 2491 quaedam

192 2493 335 2546 essent
362 2504 609 2561 enuntiatio.
670 2503 728 2547 Et
752 2502 807 2547 H.
840 2502 1046 2564 Sauppius
1076 2503 1120 2548 id
1148 2503 1211 2548 ita
1237 2504 1434 2560 probavit
1462 2505 1595 2561 (Diar.
1627 2504 1818 2561 Gotting.
1849 2509 1962 2549 1866
1992 2517 2057 2547 no,
2087 2504 2176 2560 52),

190 2572 241 2614 ut
269 2567 328 2621 ὡς
357 2573 406 2615 et
425 2572 590 2625 μᾶλλον
619 2571 844 2616 delendum
857 2604 867 2624 ‚
898 2569 953 2614 ἄν
979 2572 1023 2615 in
1054 2569 1107 2631 δή
1136 2573 1525 2619 transformandum
1555 2588 1647 2619 esse
1669 2574 1840 2618 diceret.
1891 2574 2048 2616 Verum
2070 2574 2178 2619 haee
