2436 3053
2122 108 2245 151 17·

188 225 356 276 videtur
387 221 552 268 ἐλάττω
576 217 641 265 ἂν
674 220 781 276 κτλ,
814 233 1071 278 quamquam
1098 220 1243 265 dubito
1276 234 1332 266 an
1360 223 1550 277 praestet
1580 219 1746 265 ἐλάττω
1774 222 1813 279 γ’
1843 219 1911 276 ἂν,
1942 236 2050 280 quae
2075 237 2175 282 par-

189 294 324 346 ticula
360 293 415 337 ad
454 290 710 335 efferendam
750 291 841 347 spei
863 290 1008 334 falsae
1048 290 1266 335 notionem
1303 290 1430 335 huius
1469 291 1554 334 loci
1592 291 1749 335 rationi
1785 292 1954 336 videtur
1986 294 2170 338 maxime

190 363 520 412 accommodata.
592 361 753 406 Deinde
800 361 845 405 in
892 360 1093 405 extremis
1129 360 1270 408 verbis
1307 359 1417 405 illud
1452 358 1582 416 λάβοι
1622 358 1698 419 τὴν
1739 357 1786 404 ἐκ
1826 360 1879 406 ad
1918 362 2034 407 aliud
2070 362 2172 419 quid

191 434 382 493 spectare
412 430 581 477 videtur
612 444 739 488 quam
769 431 823 476 ad
853 424 1023 485 λάβοιτ’
1049 425 1078 488 ἢ
1106 425 1156 474 ἐκ
1178 430 1289 487 quod
1308 429 1548 475 Palmerius
1569 430 1768 484 coniecit,
1800 432 2055 488 praesertim
2075 446 2173 478 cum

191 504 282 556 cod.
315 502 622 546 Laurentianus
652 503 797 546 teneat
826 498 1005 555 λάβοιτε
1035 496 1096 550 ὥς
1123 498 1199 542 καὶ
1229 498 1293 546 ἐκ.
1355 499 1593 555 Scripserat
1608 500 1802 544 =fortasse
1831 501 1978 558 Lysias
2008 498 2176 545 ἐλάττω

189 574 227 631 γ’
257 568 313 620 ἂν
348 567 517 628 λάβοιτ’
545 564 613 614 ὧν
638 568 687 614 ἐκ
706 572 798 614 τῶν
815 566 906 627 Ἀρ.
936 568 1068 612 simili
1095 568 1256 613 ratione
1288 581 1390 624 qua,
1429 570 1478 612 ut
1506 582 1637 613 unum
1670 572 1786 614 certe
1815 569 1959 615 locum
1986 572 2176 625 afferam,

188 644 235 687 in
265 643 371 687 orat.
399 654 434 684 o.
456 641 672 698 Diogiton.
693 641 728 697 ἕ.
753 645 778 684 8
809 653 850 696 p.
874 643 959 684 897
981 638 1032 681 R.
1061 637 1220 695 legitur
1249 635 1350 690 τοὺς
1377 635 1457 693 μὲν
1488 638 1656 691 παῖδας
1685 635 1748 690 εἷς
1775 636 1886 683 ἄστυ
1906 632 2177 694 ἅναπέμπει,

188 710 264 771 τὴν
314 710 363 756 δὲ
404 709 570 769 μητέρα
622 704 767 753 αὐτῶν
821 704 1050 752 ἐκδίδωσιν
1095 704 1280 759 ἐπιδοὺς
1332 705 1687 762 πεντακισχιλίας
1736 707 1953 765 δραχμὰς,
2017 706 2179 762 χιλίαις

191 778 374 826 ἔλαττον
402 774 460 823 ὧν
484 777 509 825 ὃ
531 777 678 837 πατὴρ
703 772 833 837 αὐτῆς
864 773 1034 822 ἔδωκεν.

287 896 301 902 ,
336 850 437 894 Non
475 847 671 896 dissimili
711 848 876 891 ratione
905 860 956 891 ea
984 848 1116 891 verba
1146 846 1382 902 depravata
1411 847 1607 890 videntur
1638 860 1746 903 quae
1777 848 1981 904 leguntur
2010 848 2054 891 in
2085 848 2177 903 ipso

187 919 309 965 initio
340 918 445 962 orat.
475 916 639 962 XXVII
669 929 704 960 e.
734 916 988 973 Epicratem.
1045 912 1373 970 Ἐνθυμεῖσθαι
1413 913 1461 957 δὲ
1498 914 1577 973 χρὴ
1616 913 1687 959 ὅτι
1713 914 1929 968 πολλάκις
1966 912 2179 974 ἠκούσατε

187 984 352 1033 τούτων
394 984 628 1043 λεγόντων,
683 980 822 1030 ὁπότε
850 979 1082 1040 βούλοιντό
1112 1000 1209 1027 τινα
1237 976 1402 1035 οἷδίκως
1430 976 1669 1039 ἀπολέσαι,
1720 981 1791 1028 ὅτι
1817 982 1858 1028 εἰ
1888 983 1949 1043 μὴ
1976 993 2180 1042 καταψη-

188 1059 371 1117 φιεῖσθε
419 1050 480 1099 ὦν
525 1048 652 1098 αὐτοὶ
699 1048 964 1108 κελεύουσιν,
1023 1050 1253 1112 ἐπιλείψει
1293 1050 1408 1108 ὑμᾶς
1444 1049 1469 1111 ἦ
1511 1050 1785 1111 μισθοφορά.
1825 1052 1899 1098 καὶ
1945 1057 2016 1097 νῦν
2057 1050 2181 1097 οἰδὲν

186 1119 313 1185 ἦττον
352 1127 560 1168 τοσοῦτον
597 1121 729 1175 ἐνδεῖ,
774 1120 888 1166 ὥστε
924 1121 976 1165 τὸ
1015 1120 1094 1176 μὲν
1134 1123 1314 1180 πλῆθος
1355 1121 1431 1164 καὶ
1466 1119 1491 1179 ἡ
1522 1118 1696 1180 αἰσχύνη
1726 1120 1752 1180 ἡ
1784 1122 1859 1166 διὰ
1886 1121 2050 1165 τούτων
2080 1118 2182 1176 ὑμῖν

185 1193 395 1254 γίγνεται,
425 1191 450 1253 ἡ
481 1193 518 1237 δ’
549 1188 741 1250 ὠφέλεια
767 1190 951 1244 τούτοις.
1002 1192 1200 1248 Plerique
1232 1192 1313 1237 viri
1345 1191 1459 1236 docti
1487 1191 1613 1236 hodie
1636 1193 1852 1245 statuunt,
1885 1193 1983 1249 post
2004 1191 2182 1249 πλῆθος

191 1264 449 1309 sententiam
476 1263 757 1318 interruptam
785 1274 876 1305 esse
907 1262 1080 1312 lacuna,
1115 1261 1234 1304 cuius
1261 1262 1424 1305 certum
1456 1261 1626 1316 aliquod
1647 1261 1876 1317 vestigium
1898 1262 1944 1304 in
1966 1261 2181 1304 codicibus

190 1347 277 1379 non
319 1335 386 1378 est
416 1332 746 1387 deprehensum,
775 1343 905 1386 quum
935 1330 1138 1374 Schottus
1165 1328 1385 1382 πένθος
1415 1343 1492 1385 pro
1522 1329 1751 1387 πλῆθος
1780 1332 1866 1387 legi
1896 1331 2052 1383 vellet,
2084 1343 2183 1374 eum

191 1401 381 1446 refutans
402 1399 680 1444 Marklandus
709 1400 825 1442 recte
856 1398 1075 1441 intellecta
1096 1410 1198 1440 sane
1219 1398 1432 1440 sententia
1451 1398 1601 1441 mallet
1621 1399 1750 1442 scribi
1769 1398 1822 1441 τὸ
1850 1396 1876 1443 ὅ
1887 1399 2005 1442 νειδ
2016 1413 2041 1441 ο
2054 1414 2076 1449 ς
2106 1397 2185 1441 καὶ

190 1470 217 1528 ἡ
250 1466 450 1527 αἰσχύνη,
482 1469 596 1524 quod
624 1469 723 1511 fere*
742 1468 857 1511 idem
888 1469 1023 1520 esset,
1052 1467 1247 1510 Reiskius
1277 1469 1447 1520 μῖσος
1477 1467 1545 1511 vel
1572 1464 1789 1521 βλάβος
1819 1468 2055 1523 praeferret
2077 1470 2119 1511 et
2139 1467 2185 1510 in

191 1538 335 1588 Variis
364 1537 503 1584 Lectt.
532 1551 573 1595 p.
607 1540 704 1582 713.
736 1535 855 1581 codd.
887 1535 1142 1593 scripturam
1179 1530 1360 1580 adjecto‘
1382 1538 1488 1578 τῶν
1523 1531 1931 1593 ἀπολλυμένων
1970 1536 2042 1581 vel
2078 1539 2184 1579 ’τῶν

193 1603 515 1668 δημεύσεων
546 1607 715 1650 firmare
744 1606 897 1659 vellet,
926 1607 976 1649 ut
995 1607 1044 1649 P.
1065 1605 1276 1649 Mullems
1307 1606 1359 1648 de
1391 1605 1470 1648 loc.
1492 1606 1589 1661 Lys.
1611 1619 1651 1660 p.
1677 1612 1731 1648 13
1763 1607 1986 1663 proposuit
2004 1607 2186 1663 πλῆθος

191 1683 279 1721 τῶν
307 1674 606 1720 πεπονθότων
633 1676 703 1719 vel
735 1678 883 1727 κακῶς
913 1671 1211 1719 πεπονθότων
1233 1675 1305 1719 vel
1326 1673 1535 1733 πενήτων.
1582 1675 1702 1728 Quod
1730 1676 1837 1721 mire
1857 1677 2050 1733 profecto
2072 1678 2187 1721 esset

195 1747 358 1792 dictum
387 1745 582 1803 (πλῆθος
614 1771 669 1776 —
700 1740 799 1799 ὑμῖν
828 1741 1059 1802 γίγνεται),
1106 1757 1185 1789 nec
1221 1744 1363 1789 minus
1405 1744 1575 1789 laborat
1603 1746 1839 1800 sententia,
1886 1759 2014 1803 quum
2045 1745 2187 1790 Athe·

195 1817 364 1861 nienses
404 1817 448 1859 et
476 1817 699 1859 accusator
727 1816 1025 1871 exspectentur
1055 1814 1265 1858 contrarie
1295 1814 1409 1858 inter
1441 1827 1485 1858 se
1516 1816 1709 1871 oppositi.
1768 1815 1933 1859 Deinde
1963 1817 2105 1873 agitur
2133 1816 2187 1860 de

195 1885 427 1930 sceleribus
468 1885 829 1940 sycophantarum
870 1897 977 1936 non,
1021 1886 1072 1928 ut
1098 1884 1307 1928 Mullerus
1337 1886 1484 1941 putat,
1530 1886 1582 1928 de
1620 1885 1972 1930 condemnatione
2003 1898 2186 1937 reorum,

195 1954 315 1999 cuius
342 1953 612 1997 incommoda
643 1953 679 1997 si
709 1953 947 2009 significare
976 1953 1201 2005 voluisset,
1240 1953 1429 2009 profecto
1460 1953 1667 1998 eiusmodi
1695 1955 1794 2010 quid
1825 1957 1969 1998 orator
1998 1954 2187 2006 dixisset,

198 2023 321 2079 quale
364 2023 430 2065 est
461 2035 559 2065 cum
582 2023 628 2065 in
660 2023 755 2066 aliis
786 2022 1070 2074 orationibus,
1120 2024 1214 2065 tum
1243 2022 1290 2064 in'
1318 2022 1518 2079 apologia
1546 2023 1598 2066 dc
1630 2024 1698 2067 aff.
1726 2014 1950 2079 tyrannide
1981 2023 2053 2079 (cf.
2075 2024 2114 2079 ἓ.
2138 2029 2189 2074 3ς

197 2097 275 2145 24;
317 2093 412 2148 323)
426 2125 436 2145 ‚
486 2089 762 2135 multitudine
801 2104 947 2136 eorum
988 2091 1059 2148 qui
1100 2092 1458 2148 sycophantarum
1497 2092 1716 2137 fraudibus
1749 2094 1892 2137 essent
1919 2093 2189 2137 condemnati

195 2160 361 2205 factum
389 2173 504 2214 esse,
532 2161 583 2204 ut
612 2172 813 2204 numerus
844 2163 1073 2219 augeretur
1104 2173 1250 2210 eorum
1269 2161 1343 2217 qui
1362 2162 1427 2204 rei
1446 2162 1642 2218 publicae
1662 2162 1977 2205 insidiarentur.
2025 2162 2189 2207 Verum

196 2230 351 2274 horum
380 2229 489 2273 nihil
517 2229 720 2285 sequitur.
780 2231 878 2275 Huc
910 2231 1075 2276 accedit
1104 2231 1214 2287 quod
1242 2230 1330 2275 illis
1358 2232 1499 2276 verbis
1532 2231 1706 2276 adiectis
1737 2232 1802 2276 vis
1832 2232 1928 2288 ipsa
1947 2244 2055 2287 quae
2076 2232 2192 2276 inest

195 2298 242 2344 in
280 2297 492 2345 contrarie
533 2298 680 2343 relatis
721 2299 936 2345 vocabulis
971 2299 1111 2358 magis
1139 2299 1387 2357 infringitur
1400 2332 1412 2355 ‚
1456 2301 1569 2358 quod
1596 2300 1711 2345 idem
1741 2299 1856 2344 cadit
1884 2301 1930 2343 in
1962 2312 2058 2344 eam
2087 2312 2191 2345 con-

195 2369 425 2421 iecturam,
458 2381 542 2425 qua
569 2369 857 2414 Franckenius
879 2369 1040 2415 Comm.
1061 2370 1159 2426 Lys.
1180 2384 1220 2425 p.
1245 2374 1327 2413 195
1361 2372 1556 2426 graviore
1589 2371 1719 2414 etiam
1750 2370 1853 2413 vitio
1877 2369 2041 2414 infecta
2059 2371 2191 2414 verba

197 2450 290 2483 esse
319 2440 462 2492 ratus,
493 2451 579 2483 non
610 2438 749 2484 solum
780 2437 1015 2483 πένεται
1044 2441 1143 2496 post
1165 2440 1362 2498 πλῆθος,
1388 2439 1463 2485 sed
1485 2440 1615 2484 etiam
1636 2438 1849 2483 contraria
1869 2439 2003 2484 verba
2033 2432 2190 2481 οὗτοι

196 2505 256 2551 δὲ
297 2507 641 2552 πλουτοῦσιν
682 2511 757 2554 aut
796 2509 934 2554 simile
974 2509 1077 2565 quid
1118 2509 1275 2553 omissa
1310 2521 1403 2553 esse
1446 2508 1714 2554 confirmavit
1754 2508 1824 2552 clL
1855 2509 1895 2565 g.
1929 2514 1954 2552 9
1997 2509 2191 2565 praeter-

199 2588 327 2633 quam
372 2578 485 2634 quod
526 2579 759 2624 sententias
799 2581 892 2624 tum
933 2578 1146 2624 contrario
1187 2578 1328 2636 potius
1370 2578 1517 2622 ordine
1556 2579 1719 2635 positas
1758 2579 1974 2633 exspectes
2005 2578 2081 2621 aut
2108 2577 2194 2621 hoc

1865 2652 1890 2690 3
