2436 3053
2173 93 2202 135 7

202 210 298 272 ἣκει
319 210 427 266 κτλ,
456 210 502 255 id
527 222 613 254 non
640 209 779 267 magis
804 208 1099 266 indagantis,
1130 220 1259 264 quam
1289 207 1518 265 quomodo,
1547 207 1594 251 id
1613 206 1725 262 quod
1746 208 1847 251 sunt
1866 208 1939 263 qui
1958 206 2201 260 defendant,

206 283 251 327 et
282 282 354 326 itis
377 292 485 337 quae
515 281 751 336 sequuntur
780 271 807 321 ὃ
829 279 919 320 τῶν
960 271 1008 321 εὖ
1041 272 1314 335 φρονούντων
1341 273 1466 333 ἔργον
1497 273 1594 319 ἐστι’
1622 277 1677 320 ad
1707 276 2089 328 commendandum
2117 278 2201 322 hoc

200 351 346 409 ipsum
370 343 420 393 εὖ
448 364 520 407 φρ
533 350 666 393 σνῶν
694 347 765 393 vel
794 347 1061 393 levissimum
1085 347 1222 404 possit
1249 345 1449 391 accedere
1478 345 1756 391 momentum.
1813 345 2026 390 Videntur
2057 348 2203 392 autem

202 420 272 465 illi
302 418 440 465 secuti
468 431 561 464 osse
590 417 910 471 Manendum,
930 416 1018 474 qui
1041 417 1279 462 coniecerat
1309 410 1423 459 οὐθ’
1454 412 1615 467 ὅστις
1642 409 1697 458 εὖ
1727 418 1968 473 φρονῶν,
2000 416 2114 473 quod
2145 416 2199 460 ad

206 489 467 535 sententiam
504 487 740 533 rectissime
781 489 894 532 stare
930 488 1096 543 posset,
1138 486 1222 530 nisi
1252 485 1459 543 singulari
1489 485 1675 541 quadam
1703 486 1868 529 ratione
1896 499 1972 542 pro
1999 484 2125 539 ὅστις
2153 471 2204 530 εὖ

207 559 364 617 φρονεῖ
394 558 556 602 dictum
582 556 838 610 offenderet,
864 556 980 612 quod
1008 568 1093 599 non
1123 554 1332 599 eiusmodi
1352 556 1468 598 certe
1490 553 1658 598 defendi
1678 557 1854 636 apparet
1872 554 2003 606 locis,
2031 555 2203 610 qualem

207 627 416 673 habemus
449 626 562 684 apud
591 626 713 669 Dem.
733 624 845 668 Phil.
866 624 932 668 ΠΙ
961 625 1000 680 g.
1023 627 1078 667 15
1107 629 1258 681 p.114
1278 624 1331 667 R.
1362 616 1456 665 ἄλλ’
1489 619 1611 666 ἔστιν
1640 648 1700 654 -
1727 620 1851 674 ὅστις
1874 617 1920 666 εὖ
1949 625 2123 681 φρονῶν
2151 620 2202 667 ἐκ

208 697 299 740 τῶν
334 690 563 752 ὀνομάτων
600 694 767 751 μᾶλλον
800 689 830 751 ἢ
865 690 916 736 ἐκ
957 695 1045 736 τῶν
1082 690 1351 751 πραγμάτων
1394 690 1469 735 τὸν
1498 687 1643 748 ἄγοντ’
1672 687 1844 750 εἰρήνην
1873 688 1902 749 ἢ
1927 692 2218 748 πολεμοῦνθΓ

208 762 349 824 ἑαυτῷ
393 763 599 822 σκέψαιτ’
638 778 705 806 αν.
766 763 859 807 Nec
895 763 1034 820 magis
1072 762 1340 841 acquiescere
1380 761 1483 805 licet
1509 761 1554 804 in
1586 760 1772 805 Scheibii
1800 761 2049 806 coniectura
2076 757 2199 804 οὔθ’

209 829 373 887 οὗτος
410 830 542 889 ὑμῖν
571 828 643 884 ὡς
676 827 731 876 εὖ
762 847 944 875 ποιων
972 833 1016 889 (
1026 834 1248 888 tamquam
1274 831 1320 875 ιιι
1349 844 1400 876 ea
1428 844 1474 875 re
1503 832 1619 875 recte
1647 829 2022 887 faciat‘)Re1sk11
2050 831 2200 889 opinor

211 903 394 961 vestigia
423 902 581 955 secuti,
620 902 693 957 qui
720 902 916 946 voluerat
942 902 1032 958 legi
1060 897 1179 944 ov&
1208 895 1376 952 οὗτος
1412 898 1542 955 ιμῖν
1568 895 1625 942 εὖ
1651 902 1840 943 ποιῶν
1867 913 1926 944 sc.
1958 899 2035 958 τὴν
2064 894 2199 959 αυτὴν

210 969 298 1028 ἔχει
337 968 516 1030 γνώμην.
588 972 702 1016 Nam
735 972 843 1016 haec
879 971 1051 1028 quidem
1087 969 1253 1015 videtur
1290 983 1383 1014 esse
1412 982 1531 1013 mera
1566 981 1673 1026 quae
1714 970 1892 1013 vocatur
1927 966 2199 1026 ταυτολογία.

209 1043 356 1087 Aliam
391 1042 517 1097 plane
554 1054 708 1098 nuper
723 1041 943 1097 ingressus
979 1043 1046 1085 est
1086 1041 1201 1085 viam
1240 1042 1288 1084 P.
1318 1040 1552 1092 Himeras,
1606 1040 1679 1096 qui
1718 1053 1851 1096 quum
1889 1040 1934 1083 in
1972 1040 2198 1098 Philologo

209 1112 295 1156 m
321 1125 361 1167 p.
385 1116 467 1154 161
499 1111 643 1155 locum
684 1109 747 1153 ita
771 1109 1117 1154 constituendum
1153 1122 1245 1153 esse
1282 1109 1459 1153 dixisset
1490 1105 1608 1151 οὔθ’
1647 1103 1809 1160 οὗτος
1846 1106 1992 1163 ὑμῖν.
2035 1106 2059 1154 ὁ
2100 1108 2201 1164 μὲν

210 1180 310 1238 γὰρ
339 1174 397 1223 εὖ
425 1183 605 1223 ποιῶν
633 1176 785 1235 ὥσπερ
816 1175 1053 1236 ἐπικλήρου
1083 1178 1173 1222 κτλ.
1206 1178 1353 1234 („1lle‚
1391 1177 1436 1220 id
1465 1178 1578 1234 quod
1608 1190 1686 1234 ego
1716 1178 1880 1222 factum
1899 1178 2047 1232 laudo,
2078 1179 2200 1236 quasi

213 1248 400 1305 corporis
428 1248 514 1292 mei
539 1248 810 1292 imbecillitas
839 1272 899 1302 -.
926 1244 1161 1305 ἐπίκληρος
1189 1247 1266 1299 sit,
1304 1259 1473 1290 mecum
1502 1247 1719 1302 litigatum
1752 1247 1924 1303 venit“)
1937 1280 1948 1299 ,
1978 1250 2127 1304 postea
2155 1250 2202 1292 ιιι

212 1316 390 1362 Emend.
410 1317 508 1374 Lys.
539 1329 646 1372 quae
675 1315 899 1360 sanissima
925 1318 1026 1360 sunt
1054 1317 1300 1372 pervertens
1327 1315 1436 1360 falso
1467 1316 1649 1372 quodam
1678 1316 1917 1379 contrariae
1947 1311 1995 1360 εὖ
2022 1318 2199 1375 φρονῶν

212 1387 397 1431 notionis
434 1386 701 1442 indagandae
740 1384 882 1429 studio
911 1385 1131 1440 abreptus,
1172 1397 1251 1429 nec
1279 1397 1330 1429 ea
1355 1397 1462 1440 quae
1490 1385 1536 1428 in
1565 1379 1611 1427 εὗ
1639 1388 1781 1428 ποιῶν
1809 1385 1900 1430 sine
1930 1386 2058 1430 dubio
2087 1386 2201 1431 inest

211 1454 349 1498 ironia
392 1454 497 1497 satis
534 1455 757 1509 perspecta
795 1453 1065 1497 scribendum
1105 1460 1198 1497 esse
1234 1454 1455 1509 proposuit
1493 1449 1610 1496 οὔθ’
1656 1446 1716 1495 οὗ
1723 1469 1820 1504 τος
1858 1451 1996 1508 ὑμῖν.
2038 1452 2063 1497 ὃ
2101 1454 2199 1509 μὲν

213 1520 313 1578 γὰρ
344 1537 526 1578 παραν
539 1524 641 1564 οῶν
668 1519 820 1578 ὥσπερ
843 1519 1081 1580 ἐπικλήρου
1098 1521 1208 1573 κτλ,
1238 1522 1358 1578 quasi
1380 1533 1478 1566 vero
1499 1522 1545 1565 in
1565 1521 1772 1567 eiusmodi
1794 1522 2007 1568 contrario
2029 1523 2199 1569 nomine

214 1591 421 1648 oppositis
454 1591 719 1635 momentum
759 1603 852 1635 esse
892 1593 1037 1647 posset
1070 1590 1125 1634 ad
1154 1592 1293 1635 totam
1323 1591 1558 1635 sententiae
1589 1592 1819 1644 rationem,
1868 1604 2127 1648 quamquam
2156 1593 2201 1636 in

213 1660 364 1705 eodem
392 1674 532 1704 errore
563 1660 650 1704 iam
682 1661 930 1705 versabatur
948 1660 1144 1705 Reiskiu‘s
1174 1661 1220 1704 in
1248 1660 1302 1704 iis
1326 1673 1433 1717 quae
1452 1660 1595 1716 posuit
1613 1661 1659 1704 in
1678 1660 2031 1717 interpretatione
2050 1662 2200 1707 latina.

211 1730 312 1776 Alio
348 1730 519 1776 nomine
558 1730 904 1788 reprehendenda
941 1732 1009 1776 est
1045 1729 1260 1776 sententia
1297 1730 1550 1776 Franckenii
1579 1729 1758 1788 (Comm.
1789 1729 1886 1789 Lys.
1915 1744 1956 1788 p.
1980 1731 2085 1789 167)
2112 1745 2198 1791 qua

211 1791 414 1858 Kayser-i,
443 1800 516 1858 qui
543 1795 682 1858 ἑαυτῷ
710 1812 787 1856 pro
817 1794 864 1843 εὖ
888 1802 1032 1843 ποιῶν
1062 1800 1249 1845 scribere
1279 1800 1454 1853 maluit,
1485 1801 1729 1845 coniectura
1749 1801 1928 1853 reiecta,
1959 1801 2073 1858 quod
2092 1801 2200 1846 illud

213 1882 264 1914 ex
308 1870 514 1928 superiori
556 1867 696 1926 τούτῳ
737 1870 994 1926 cogitatione
1035 1870 1238 1923 addatur,
1297 1871 1428 1926 („nec
1470 1871 1552 1914 sibi
1590 1871 1673 1927 ipsi
1711 1871 1945 1923 consentit,
1997 1874 2043 1916 et
2082 1874 2198 1916 recte

210 1940 354 1985 hercle
365 1941 422 1997 !“)
450 1941 556 1985 haec
592 1939 681 1983 fere
724 1939 847 1985 dicit:
898 1940 1049 1993 „Nam
1085 1941 1122 1984 si
1161 1940 1242 1985 sibi
1269 1940 1354 1996 ipsi
1380 1941 1618 1993 constaret,
1664 1941 1885 1986 fatendum
1915 1943 2030 1986 esset
2057 1941 2123 1985 illi
2152 1954 2199 1986 se

210 2008 353 2065 ipsum
390 2021 482 2052 esse
526 2008 737 2052 claudum.
797 2009 1007 2054 Convenit
1044 2011 1128 2054 hoc
1160 2023 1257 2054 cum
1287 2010 1616 2067 argumentandi
1644 2011 1807 2055 ratione
1837 2012 1881 2055 in
1910 2011 2199 2067 superioribus

211 2076 288 2121 καὶ
316 2076 439 2132 ὑμεῖς
462 2075 569 2132 ἐμοῦ
597 2076 680 2132 μὲν
708 2071 962 2136 ἀφελέσθαι
992 2078 1068 2123 τὸν
1088 2072 1246 2134 ὀβολὸν
1267 2076 1329 2131 ὥς
1347 2076 1638 2135 ιῖγιαίνοντος,
1670 2075 1808 2137 τούτῳ
1828 2078 1878 2124 δὲ
1900 2078 2199 2139 ψηφίσασθαι

210 2142 381 2198 πάντας
408 2142 470 2198 ὡς
499 2141 722 2205 ἀναπήρῳ.
782 2146 830 2192 Si
862 2160 962 2205 ego,
1006 2148 1165 2205 inquit,
1210 2148 1273 2192 ita
1302 2148 1480 2192 affectus
1509 2160 1595 2192 non
1624 2160 1720 2193 sum
1751 2149 1947 2202 claudus,
1993 2150 2085 2202 hic,
2126 2151 2199 2206 qui

170 2234 173 2236 ·
211 2215 426 2260 contraria
456 2216 620 2260 ratione
652 2218 719 2260 est
749 2218 950 2270 affectus,
991 2218 1167 2262 claudus
1197 2220 1274 2261 est.
1334 2218 1385 2261 In
1416 2218 1691 2273 sequentibus
1722 2221 1866 2263 autem
1896 2220 2059 2264 omittit
2088 2220 2200 2264 hanc

210 2284 492 2330 sententiam:
544 2300 644 2330 nam
667 2296 744 2344 per·
772 2283 854 2344 γάρ
887 2287 1128 2331 annectitur
1157 2285 1461 2331 demonstratio
1491 2286 1665 2331 illorum
1692 2283 1794 2330 οὔθ’
1821 2285 1944 2341 ὑμεῖς
1971 2283 2112 2346 τούτῳ
2142 2314 2199 2322 —-

157 2402 164 2410 ¹
208 2351 414 2412 γνώμην.“
472 2354 634 2400 Verum
664 2356 816 2414 duplex
850 2356 929 2400 illa
959 2368 1010 2401 ex
1036 2357 1250 2408 ,contrarie
1279 2356 1431 2412 positis
1459 2357 1674 2401 conclusio
1705 2357 1898 2414 quamvis
1921 2370 1998 2415 per
2030 2371 2077 2402 se
2105 2360 2198 2415 ipsa

209 2424 326 2467 recte
368 2424 600 2478 efficiatur,
645 2427 790 2470 tamen
831 2426 883 2469 ad
923 2426 1059 2482 ipsam
1094 2427 1179 2470 loci
1217 2425 1473 2470 sententiam
1507 2426 1667 2470 nullius
1698 2427 1869 2470 omnino
1898 2430 2076 2483 apparet
2105 2440 2197 2471 esse

212 2493 430 2537 momenti.
462 2494 524 2537 Eo
548 2494 661 2538 enim
683 2494 796 2552 quod
817 2494 1054 2542 accusatori
1073 2497 1123 2539 ut
1143 2494 1293 2540 claudo
1314 2496 1360 2539 et
1377 2495 1565 2539 invalido
1585 2495 1748 2541 homini
1768 2496 2013 2542 decernitur
2033 2496 2197 2550 obolus,

208 2559 383 2604 minime
423 2562 591 2607 tollitur
626 2563 700 2607 ille
735 2565 901 2620 metus,
944 2577 1070 2620 quem
1099 2567 1320 2621 tamquam
1350 2563 1541 2609 odiosum
1572 2565 1818 2621 scrupulum
1848 2579 1946 2610 reus
1975 2579 2024 2609 ex
2056 2566 2217 2610 animo·
