2436 3053
221 107 302 156 >28

241 224 388 270 Aliam
418 221 536 268 viam
563 222 784 280 ingressus
815 222 883 266 est
901 221 1250 279 Frohbergerus,
1280 221 1353 278 qui
1382 220 1558 279 reliquis
1583 221 1630 266 in
1659 221 1801 267 verbis
1822 220 1998 280 Sauppii
2025 224 2242 272 coniectu-

244 306 342 339 ram
370 294 563 347 secutus,
592 293 817 350 praeterea
847 290 1019 348 scripsit
1045 283 1125 335 οὐκ
1156 286 1352 346 οἰόμενοι
1369 284 1595 349 Ἅγογάτῳ
1614 288 1913 350 συμπράττειν
1940 295 2014 352 τῷ
2041 291 2245 354 δικαίῳ

230 358 688 419 ἰσχυριζόμενοι,
719 373 803 417 quo
829 359 979 404 inferri
1006 359 1168 416 aliquid
1188 359 1329 414 dicas,
1355 359 1467 417 quod
1485 372 1564 417 per
1583 373 1630 405 se
1645 360 1789 417 ipsum
1818 360 2006 420 intelligi
2035 362 2243 411 videatur.

245 430 441 487 Denique
478 429 738 475 medicinam
774 443 906 486 quam
941 429 1137 474 adhibuit
1164 429 1327 474 Bakius
1358 430 1403 473 in
1429 429 1639 474 Mnemon.
1658 429 1766 475 vm
1794 444 1836 487 p.
1857 435 1944 476 309
1974 432 2240 478 δοκοῦσι-

240 497 396 543 ἕνδεκα
427 490 487 542 οὗ
520 495 868 556 παραδέξασθαι
897 493 962 540 ἂν
983 523 1042 529 -
1064 511 1228 556 συμπρ.
1255 495 1318 543 τὸ
1350 495 1432 542 ἐπ’
1455 490 1766 581 αυτοφώρῳ
1785 495 1862 544 καὶ
1882 498 2239 561 διισχυρίζομαι

237 583 316 627 σφ.
339 561 443 625 ὀρθ.
463 582 515 611 π.
535 568 662 610 Διον.
682 565 1074 625 προσγράψαντα
1096 569 1262 611 τοῦτο
1291 564 1410 611 ὅπου
1439 564 1613 625 ἐνῆν”
1593 564 1665 610 ότι
1684 570 1865 625 πρῶτον
1883 567 1967 624 μὲν
1986 571 2078 615 κτλ.
2098 573 2241 620 verbis

235 636 314 696 τὴν
342 631 582 696 ἀπαγωγὴν
611 630 803 694 ἀπάγειν
834 630 1147 692 ἀναγκάζοντες
1175 637 1221 680 et
1247 635 1349 680 τότε
1376 634 1449 679 ἐπ’
1471 632 1713 696 αὐτοφώρῳ
1731 638 1832 694 post
1851 635 2241 698 προσγράψασθαι

235 707 448 764 expulsis,
478 706 769 751 carnificinam
793 705 944 757 istam,
974 706 1025 748 ut
1050 705 1112 750 ait
1132 705 1303 757 Cicero,
1332 705 1473 761 potius
1502 705 1657 750 dixeris
1678 707 1724 751 et
1742 706 2055 753 crudelitatem.
2107 711 2239 768 Equi-

199 832 202 836 *
235 776 337 822 dem
366 775 504 821 multo
535 774 704 820 facilius
736 787 865 832 quam
891 775 1110 832 hucusque
1139 774 1302 819 factum
1332 777 1421 829 est,
1454 775 1776 831 corruptissima
1794 788 1904 833 quae
1924 777 2125 824 videntur
2144 792 2236 826 esse

234 845 368 890 verba
403 845 448 889 in
484 845 703 903 integrum
741 844 913 888 restitui
942 857 1066 900 posse
1096 843 1307 901 suspicor,
1343 845 1393 888 ut
1424 843 1603 888 eandem
1631 844 1759 902 plane
1791 833 2037 892 contineant
2064 850 2236 894 senten-

233 914 365 968 tiam,
419 927 505 971 qua
545 916 691 959 orator
730 926 905 958 causam
946 913 1093 966 affert,
1146 926 1222 957 cur
1263 912 1456 971 Agorato
1497 912 1542 957 in
1579 913 1766 958 formula
1799 914 1876 959 illa
1915 914 2129 974 adscripta
2165 915 2237 962 ἐπ’

232 976 481 1042 αὐτοφώρῳ
518 983 627 1029 nihil
664 982 866 1040 praesidii
905 995 999 1027 esse
1038 982 1196 1038 possit,
1237 995 1370 1038 quum
1402 982 1495 1027 iure
1525 995 1600 1028 suo
1632 982 1924 1029 Undecimviri
1951 997 2047 1030 eam
2075 986 2237 1045 Diony-

231 1053 345 1099 sium
385 1053 532 1097 libello
563 1052 805 1096 adscribere
837 1051 1062 1104 iusserint,
1101 1063 1185 1107 quo
1213 1051 1373 1095 certius
1402 1051 1480 1095 lite
1510 1048 1751 1111 ἀπαγωγῆς
1779 1052 2019 1110 Agoratum
2050 1055 2237 1102 circum·-

231 1122 379 1168 venire
423 1123 583 1179 posset.
662 1120 891 1177 Scripsisse
934 1121 1049 1165 enim
1090 1120 1265 1176 Lysiam
1309 1120 1645 1165 existimaverim
1686 1119 1776 1166 fere
1809 1122 1913 1167 hoc:
1963 1125 2159 1168 Δοκοῦσι
2197 1125 2236 1169 δ’

229 1187 382 1247 ἔμοιγε
422 1187 466 1234 οἶ
505 1187 658 1233 ἕνδεκα
700 1185 741 1232 οἳ
781 1189 947 1246 παραδ.
990 1187 1069 1246 τὴν
1111 1184 1353 1246 ἀπαγωγὴν
1389 1185 1547 1247 ταύτην
1576 1185 1765 1244 οἰόμενοι
1793 1186 2019 1249 Ἀγοράτῳ
2062 1188 2237 1246 ἄλλως

229 1258 549 1318 συμπράττειν,
581 1256 683 1302 τόδε
713 1255 789 1301 καὶ
817 1256 1192 1314 διισχυριζομένῳ,
1225 1271 1301 1314 σφ.
1332 1251 1435 1313 ὅρθ.
1466 1274 1527 1300 πα
1545 1256 1778 1301 Διονύσιον
1807 1259 1886 1317 τὴν
1919 1255 1999 1304 ἀπ.
2032 1253 2232 1317 ἀπάγειν,

229 1324 379 1387 ἇναγκ.
400 1344 478 1386 πρ.
494 1322 547 1371 τό
576 1341 633 1384 γε
652 1323 726 1370 ἐπ’
746 1321 1004 1385 αὐτοφώρῳ.
1051 1326 1162 1371 Τιιιιι
1191 1326 1408 1384 iungenda
1428 1326 1530 1371 sunt
1550 1325 1658 1371 haee
1678 1326 1808 1372 verba
1830 1327 2006 1380 δοκοῦσι
2030 1328 2068 1372 δ’
2088 1325 2234 1389 ἔμοιγε

229 1396 272 1444 οἳ
301 1397 457 1442 ἕνδεκα
484 1424 541 1429 -
568 1392 744 1455 σφόδρα
773 1394 925 1454 ὀρθῶς
955 1398 1139 1454 ποιῆσαι
1168 1393 1402 1441 Διονύσιον
1426 1395 1504 1454 τὴν
1530 1390 1665 1452 ἅπαγ.
1687 1390 1876 1454 ἀπάγειν
1897 1400 1979 1443 hac
2000 1401 2233 1446 sententia:

229 1501 257 1524 ‚‚
269 1466 567 1514 Undecimviri
595 1466 703 1511 mihi
730 1467 930 1511 videntur
949 1465 1187 1511 rectissime
1207 1466 1460 1523 Dionysium
1481 1466 1776 1518 commovisse,
1807 1469 1858 1512 ut
1875 1467 1999 1512 litem
2019 1465 2233 1528 ἀπαγωγῇ

229 1537 497 1590 intenderet,
528 1548 658 1593 quum
689 1547 787 1580 eum
819 1536 1042 1592 cogerent,
1069 1536 1119 1580 ut
1148 1535 1378 1580 formulam
1395 1528 1465 1579 ἐπ’
1488 1528 1726 1593 αὐτοφώρῳ
1747 1535 2046 1583 adscriberet.“
2095 1537 2232 1584 Cardo

228 1607 295 1650 rei
331 1607 529 1663 versatur
560 1605 605 1650 in
635 1604 711 1648 illo
743 1602 918 1663 σφόδρα
946 1600 1120 1659 ὀρθῶς,
1162 1616 1264 1649 nam
1293 1605 1357 1649 ita
1381 1605 1558 1660 paratur
1589 1616 1640 1648 ea
1669 1616 1777 1661 quae
1809 1605 2001 1662 sequitur
2029 1606 2232 1653 refutatio

230 1675 493 1731 exceptIonis
530 1687 615 1730 qua
644 1673 864 1729 Agoratus
901 1686 1004 1716 usus
1035 1675 1149 1724 erat,
1196 1674 1309 1729 quod
1336 1674 1381 1716 in
1408 1674 1502 1728 ipso
1533 1673 1646 1717 facto
1674 1686 1759 1717 non
1790 1677 1905 1718 esset
1934 1675 2232 1730 deprehensus.

226 1743 292 1790 Eo
319 1742 455 1801 igitur
479 1742 594 1799 quod
625 1743 857 1799 coegerunt
877 1740 1167 1787 Undecimviri
1189 1741 1463 1797 Dionysium,
1493 1743 1543 1787 ut
1571 1742 1800 1789 formulam
1819 1744 1940 1789 illam
1961 1744 2234 1798 adscriberet,

229 1813 464 1857 effecerunt
498 1813 550 1855 ut
586 1823 683 1855 eam
721 1809 893 1854 omnino
931 1809 1151 1855 intendere
1192 1810 1345 1855 liceret
1373 1810 1566 1870 Agorato
1597 1811 1745 1865 litem,
1789 1825 1874 1871 qua
1903 1810 2233 1859 condemnatum

215 1881 283 1929 iri
314 1881 574 1939 sperandum
603 1883 731 1927 esset.
774 1879 934 1936 Scripsi
964 1883 1110 1926 autem
1139 1879 1513 1938 διισχυριζομένῳ,
1544 1884 1594 1925 ιιι
1625 1883 1774 1926 eadem
1803 1884 1970 1927 ratione
2002 1897 2086 1940 qua
2104 1886 2232 1928 antea

227 1950 391 1997 dictum
423 1951 540 1996 esset
570 1949 622 1993 de
649 1949 868 2007 Agorato,
907 1948 981 2006 qui
1010 1949 1190 1994 firmiter
1214 1951 1361 1995 tenere
1391 1950 1537 1995 studet
1562 1950 1672 1995 illud
1685 1984 1697 2006 ,
1737 1951 1782 1996 in
1809 1964 1892 2008 quo
1922 1951 2122 2009 praesidii
2152 1952 2231 1998 ali-

225 2020 330 2079 quid
359 2020 445 2066 sibi
471 2032 565 2065 esse
595 2021 743 2076 putet,
779 2032 912 2076 quum
938 2019 983 2063 in
1013 2019 1339 2065 Undecimviros
1373 2020 1443 2064 vel
1471 2018 1670 2065 maxime
1686 2022 1943 2067 sententiam
1977 2035 2099 2068 suam
2130 2035 2231 2068 con-

224 2089 449 2137 firmantes
488 2091 631 2135 minus
671 2089 897 2135 convenire
934 2089 1145 2134 videatur.
1176 2114 1236 2122 -—
1265 2089 1429 2134 Verum
1467 2089 1656 2136 nondum
1681 2103 1773 2135 rem
1802 2091 2085 2146 absolvimus,
2130 2105 2233 2138 nam

225 2163 396 2206 restant
425 2161 580 2205 ultima
608 2160 685 2205 illa
713 2160 846 2204 verba
873 2156 900 2217 ἢ
938 2156 1084 2203 ὅπου
1113 2157 1178 2203 ἂν
1204 2154 1256 2219 ᾗ,
1299 2172 1406 2216 quae
1437 2159 1556 2203 nullo
1586 2159 1712 2204 modo
1744 2172 1874 2217 quum
1903 2160 2070 2216 possint
2098 2161 2231 2218 expli-

226 2231 336 2284 cari,
366 2243 452 2275 non
483 2231 713 2275 defuerunt
738 2231 816 2287 qui
845 2231 897 2274 ut
924 2228 1139 2285 adscripta
1170 2229 1352 2275 delenda
1380 2229 1507 2286 plane
1537 2241 1628 2274 esse
1660 2232 1894 2275 censerent.
1940 2229 2024 2274 Sed
2045 2231 2233 2286 primum

224 2313 313 2346 non
341 2300 466 2345 facile
496 2299 780 2357 intellig-itm,
810 2311 894 2357 quo
925 2298 1100 2344 consilio
1128 2298 1345 2356 adscripta
1373 2298 1554 2352 fuerint,
1586 2297 1736 2344 deinde
1766 2311 1867 2344 vero
1898 2299 2030 2345 etiam
2051 2312 2103 2345 ea
2123 2312 2231 2357 quae

223 2372 325 2429 post
352 2369 463 2414 illud
493 2366 523 2428 ἢ
551 2367 668 2413 ὅπου
696 2366 750 2412 ἂν
780 2363 808 2426 ᾖ
835 2369 1041 2426 leguntur
1071 2369 1202 2413 verba
1233 2371 1410 2426 πρῶτον
1440 2366 1522 2423 μὲν
1553 2365 1747 2411 ἐναντίον
1777 2366 2080 2412 πεντακοσίων
2110 2366 2155 2412 ἕν
2176 2372 2232 2428 τῇ

225 2439 380 2498 βουλῇ,
429 2432 526 2482 εἶτα
565 2436 704 2483 πάλιν
744 2434 934 2482 ἐναντίον
964 2434 1215 2498 Ἀθηναίων
1251 2431 1456 2481 ἁπάντων
1487 2434 1533 2481 ἐν
1558 2439 1621 2496 τῷ
1651 2432 1776 2496 δήμῳ
1805 2430 2079 2496 ἀπογράψας
2106 2436 2231 2491 τινὰς

224 2502 506 2552 ἀποκτείνειε
530 2507 606 2551 καὶ
635 2504 777 2560 αἴτιος
806 2507 977 2564 γένοιτο
1003 2509 1080 2551 τοῦ
1099 2504 1321 2559 θανάτους
1350 2518 1611 2563 quamquam
1640 2508 1687 2550 et
1703 2506 1798 2563 ipsa
1816 2519 1902 2551 non
1925 2507 2032 2551 satis
2051 2510 2231 2563 possunt

221 2577 407 2636 intelligi
421 2611 433 2632 ,
471 2579 618 2622 tamen
647 2578 824 2635 apparet
855 2578 1081 2622 coniuncta
1111 2575 1339 2633 aliquando
1368 2575 1501 2621 fuisse
1530 2588 1627 2620 cum
1655 2574 2025 2630 antecedentibus,
2066 2578 2117 2621 ut
2145 2590 2230 2621 non
