2436 3053
185 142 246 188 18

181 260 271 304 fere
311 259 439 304 modo
480 257 662 316 scriptas
701 259 778 300 νῦν
817 256 854 301 δ’
886 253 1012 301 οὐδὲν
1042 250 1172 314 ἦττον
1202 255 1319 302 ἒνδει
1346 255 1422 302 καὶ
1453 257 1505 302 τὸ
1528 257 1610 314 μὲν
1639 259 1714 304 wi..
1743 257 1945 316 πένεται,
1975 255 2103 307 ὀὗτοι
2119 261 2204 308 δὲ
2265 257 2274 261 ”

182 328 460 371 πλουτοῦσιν.
538 327 691 384 Itaque
736 327 878 372 nescio
921 340 976 371 an
1017 327 1252 383 simplicius
1301 328 1358 372 sit
1394 330 1605 383 statuere,
1657 331 1829 388 Lysiam
1866 331 2087 390 scripsisse
2127 347 2190 376 το

182 396 266 457 ποί
279 400 388 450 θος
423 397 501 440 καὶ
539 395 565 456 ἢ
601 393 866 455 αἰσχύνη-
903 392 1002 451 ὑμῖν
1035 394 1246 453 γίγνεται,
1293 399 1343 442 ut
1382 398 1647 455 significetur
1687 412 1842 445 noxam
1878 403 1922 446 et
1959 401 2183 447 infamiam

183 468 546 547 sycophantarum
584 465 745 511 scelere
791 467 960 512 iliatam
997 466 1042 510 in
1083 479 1232 513 omnes
1276 459 1446 512 omnino
1486 468 1638 514 cadere
1684 457 1990 525 Athenienses,
2050 484 2193 530 quum·

180 537 348 581 utilitas
382 538 436 581 ab
467 537 572 593 ipsis
602 537 676 593 qui
704 537 812 581 alios
839 537 948 581 falso
975 537 1020 579 in
1048 536 1254 581 iudicium
1286 537 1532 582 vocaverint
1562 539 1822 595 percipiatur
1850 542 2180 587 accusatoribus.

181 606 327 664 Atque
355 606 466 651 illud
496 607 638 664 ipsum
668 602 846 660 πάθος,
872 607 933 651 ut*
953 606 1039 651 alia
1066 606 1283 660 omittam,
1310 607 1532 652 confusum
1551 607 1684 653 habes
1715 621 1813 654 cum
1843 610 2024 669 πλῆθος
2051 612 2183 657 etiam

179 677 225 720 in
253 676 375 722 codd.
404 676 573 722 Platon.
601 677 736 733 Legg.
756 677 797 720 V
826 690 865 732 p.
889 679 973 721 745
1007 676 1084 719 Ι).δ

331 747 382 790 In
421 747 571 791 eadem
607 746 800 791 oratione
841 758 876 790 c.
906 745 1152 803 Epicratem
1193 745 1342 792 habita
1371 760 1554 805 magnae
1586 747 1802 794 subiectus
1828 751 1895 794 est
1925 750 2180 797 dubitationi
2229 784 2236 789 -

181 817 311 861 etiam
339 817 450 860 alius
479 817 613 860 locus.
676 817 833 860 Orator
863 816 978 859 enim
1006 817 1234 871 postquam
1266 816 1371 860 dixit
1405 818 1554 862 amicis
1584 820 1629 862 et
1659 819 1803 872 sociis,
1843 819 1916 876 qui
1935 820 2105 864 veniam
2126 820 2180 864 ab

177 886 389 931 iudicibus
418 885 636 942 precaturi
662 887 807 930 essent
834 886 1065 938 accusatis,
1097 887 1175 931 aut
1200 886 1489 932 innocentiam
1511 899 1657 933 eorum
1679 902 1772 934 esse
1792 889 2179 943 demonstrandam,

179 958 278 1007 aut,
328 956 365 998 si
395 957 600 999 nocentes
640 968 713 999 eos
753 968 847 999 esse
887 956 973 999 rati
1001 957 1146 999 tamen
1187 955 1393 1000 liberatos
1421 956 1607 1009 vellent,
1647 958 1853 1014 supplicio
1879 959 2021 1015 potins
2053 972 2181 1017 quam

179 1025 324 1082 gratia
355 1037 449 1070 esse
482 1024 657 1080 dignos,
689 1024 761 1080 qui
789 1024 991 1068 iniuriam
1021 1024 1279 1069 facientibus
1299 1026 1666 1071 benevolentiores
1687 1028 1829 1072 animo
1852 1031 2015 1083 essent,
2050 1041 2177 1085 quam

177 1094 316 1152 passis
350 1095 388 1150 ἕ.
414 1099 481 1138 14.
514 1108 554 1152 p.
577 1098 664 1138 814
696 1094 748 1138 R.
780 1093 886 1138 haec
917 1094 1047 1139 verba
1078 1093 1218 1139 addit:
1268 1092 1335 1138 ἔτι
1364 1093 1413 1139 δὲ
1443 1094 1545 1147 τοὺς
1575 1091 1734 1148 αὐτοὺς
1758 1093 1969 1156 ἡγεῖσθαι
1995 1095 2076 1155 χρὴ
2103 1096 2180 1141 καὶ

178 1166 266 1207 τῶν
301 1162 554 1222 κατηγόρων
579 1162 753 1221 σφόδρα
783 1159 1025 1221 δεήσεσθαι
1041 1196 1053 1216 ,
1090 1161 1347 1218 νομίζοντας
1377 1164 1492 1207 πολὺ
1522 1162 1575 1208 ἂν
1605 1168 1775 1209 θᾶττον
1807 1165 1911 1224 παρ’
1940 1164 2061 1225 ἡμῶν
2090 1163 2178 1211 ὀλί-
2237 1177 2246 1181 ·

177 1249 266 1291 γων
296 1229 431 1278 ὅντων
458 1231 618 1292 ταύτην
647 1231 725 1290 τὴν
749 1229 876 1291 χάριν
907 1229 1146 1289 λαμβάνειν
1175 1230 1205 1291 ἢ
1234 1233 1340 1291 παρ’
1368 1230 1489 1288 ὑμῶν
1521 1235 1610 1279 κτλ.
1671 1236 1791 1280 Haec
1819 1236 1950 1281 verba
1970 1235 2178 1290 omnibus,

178 1302 292 1359 quod
328 1303 485 1355 sciam,
516 1302 625 1347 falso
657 1303 818 1358 scripta
849 1315 943 1345 esse
975 1302 1067 1345 visa
1098 1304 1198 1345 sunt
1223 1302 1327 1346 viris
1359 1303 1508 1347 doctis.
1569 1304 1635 1347 Ac
1662 1305 1801 1360 prima
1833 1304 2005 1362 quidem
2037 1305 2176 1361 specie

175 1374 290 1418 inter
318 1373 368 1417 'se
399 1374 675 1418 vehementer
705 1386 807 1417 sane
837 1372 1038 1416 videntur
1069 1372 1333 1428 discrepare,
1365 1386 1497 1429 quum
1517 1374 1630 1429 quod
1648 1373 1693 1417 in
1711 1374 1855 1430 priore
1876 1373 2178 1435 enuntiationis

176 1445 301 1504 parte
334 1444 386 1486 de
416 1443 563 1487 futuro
595 1443 751 1488 dicitur
779 1444 993 1498 tempore,
1024 1442 1141 1486 idem
1170 1443 1216 1486 in
1245 1443 1380 1486 altera
1411 1443 1462 1486 de
1483 1444 1714 1499 praeterito
1737 1444 1990 1496 affirmetur,
2021 1444 2178 1488 utiam

177 1512 343 1556 factum
385 1525 478 1556 esse
524 1514 740 1568 appareat.
822 1511 902 1555 Cui
942 1511 1185 1555 difficultati
1229 1514 1279 1555 ut
1326 1514 1597 1557 occurrerent
1637 1512 1718 1556 viri
1761 1512 1875 1556 docti
1912 1513 2022 1556 illud
2064 1514 2176 1568 quod

179 1580 398 1626 antecedit
428 1580 668 1640 δεήσεσθαι
700 1581 1031 1638 pronuntiarunt
1061 1580 1334 1626 scribendum
1355 1595 1447 1627 esse
1468 1583 1544 1626 aut
1563 1581 1826 1641 δεδεῆσθαι,
1858 1583 1933 1627 aut
1951 1582 2177 1640 δεηθῆναι,

178 1663 311 1706 quum
342 1650 562 1695 Scheibius
592 1650 891 1695 antecedentia
917 1651 1049 1693 verba
1082 1647 1148 1692 ἔτι
1176 1648 1226 1693 δὲ
1255 1649 1360 1701 τοὺς
1389 1644 1545 1701 αὐτοὺς
1569 1647 1779 1708 ἡγεῖσθαι
1803 1648 1885 1709 χρή
1911 1652 2054 1695 labem
2075 1665 2177 1696 con-

176 1720 360 1764 traxisse
398 1719 571 1778 putaret
584 1754 594 1774 ‚
650 1719 941 1764 Franckenius
979 1721 1128 1764 contra
1171 1733 1210 1777 p.
1245 1724 1328 1763 201
1370 1719 1641 1778 Epicrateam
1679 1721 1912 1766 orationem
1957 1734 2006 1766 ex
2042 1721 2175 1767 Nico-

177 1790 357 1833 machea
394 1790 634 1834 imitatione
680 1802 923 1845 expressam
964 1801 1056 1832 esse
1094 1791 1215 1833 ratus
1255 1790 1425 1833 collatis
1466 1792 1608 1834 verbis
1646 1791 1691 1833 in
1719 1791 1887 1834 Nicom.
1920 1792 1958 1845 g.
1981 1796 2035 1833 35
2069 1804 2174 1847 quae

322 1930 362 1977 3)
394 1930 473 1967 Hac
516 1930 704 1968 occasione
727 1927 869 1966 'oblata
911 1930 1070 1965 tractare
1112 1927 1204 1964 mihi
1246 1927 1358 1965 liceat
1406 1939 1467 1972 ea,
1524 1940 1618 1976 quae
1659 1930 1757 1967 infra
1794 1930 1969 1976 leguntur
2007 1931 2072 1967 lib.
2104 1931 2177 1967 ΧΠ

176 1999 214 2035 p.
230 1988 303 2027 960
338 1988 381 2025 C.
419 1990 545 2024 πολλὰ
591 1992 666 2025 τῶν
709 1989 929 2036 ἔμπροσθεν
963 1989 1084 2027 καλῶς
1135 1990 1291 2033 εἴρηται.
1367 1986 1420 2023 Τὸ
1458 1986 1636 2033 Λάχεσιν
1672 1989 1743 2034 μὲν
1778 1987 1845 2032 τὴν
1881 1986 2037 2035 πρώτην
2067 1990 2176 2035 εἶναι,

177 2045 328 2082 Κλωθὼ
360 2048 402 2083 δὲ
439 2046 506 2091 τὴν
543 2047 742 2095 δευτέραν,
786 2046 853 2089 τὴν
879 2044 1064 2095 ’Ἀτροπον
1085 2044 1144 2088 ’δὴ
1179 2049 1312 2093 τρίτην
1335 2044 1521 2093 σώτειραν
1554 2048 1628 2081 τῶν
1661 2045 1874 2094 λεχθέντων
1908 2047 2177 2095 ἀπεικασμένα

176 2109 221 2154 τῇ
270 2109 344 2141 τῶν
393 2108 645 2143 κλωσθέντων
694 2108 754 2151 τῷ
800 2107 917 2152 πυρὶ
966 2103 1033 2149 τὴν
1082 2100 1372 2153 ἀμετάστροφον
1416 2104 1732 2154 ἀπεργαζομένων
1777 2102 1964 2154 δύναμιν,
2033 2105 2176 2154 quibua,

175 2162 356 2210 neglectis
385 2163 461 2199 illis
487 2163 635 2210 quidem
658 2175 681 2200 a
701 2162 888 2199 Klauseno
920 2160 959 2198 in
983 2161 1085 2197 Diar.
1112 2161 1230 2208 antiq.
1253 2162 1348 2199 1840
1375 2173 1433 2198 no.
1450 2163 1515 2204 27,
1550 2162 1645 2199 male
1670 2173 1784 2210 nuper
1808 2163 1991 2199 consuluit
2013 2162 2174 2210 Peipers.

177 2219 344 2266 Quaestt.
371 2221 468 2257 oritt.
493 2221 537 2258 de
562 2221 662 2270 legg.
688 2219 856 2258 Platonis
882 2230 918 2265 p.
938 2219 1026 2262 100,
1051 2207 1170 2266 (11111ῃῖ
1188 2219 1348 2266 expulsis
1372 2219 1494 2257 verbis
1520 2223 1594 2255 τῶν
1621 2220 1833 2267 λεχθέντων
1859 2240 1903 2246 -
1929 2221 2176 2258 κλωσθέντων

177 2278 353 2314 scriberet
374 2281 426 2328 τῇ
450 2278 614 2327 σφὺρᾳ
637 2279 704 2324 τὴν
729 2279 796 2327 ἀμ.
821 2277 1139 2324 ἀπεργαζομένην
1166 2276 1344 2326 δύναμιν.
1394 2276 1558 2324 Apparet
1580 2277 1739 2315 maxime
1760 2277 1829 2317 1118
1853 2286 1947 2324 quae
1971 2277 2079 2315 eiecit
2092 2287 2175 2315 esne

175 2336 400 2383 ιιοοοΒΒατία,
437 2336 478 2372 ίιι
511 2335 642 2383 quibus
668 2338 748 2373 tnta
772 2337 939 2372 versetur
961 2334 1108 2379 ferreae
1131 2335 1234 2372 illius
1258 2335 1414 2378 Parcae,
1450 2344 1543 2381 quae
1563 2336 1731 2381 samm
1753 2335 2066 2376 mmmm
2087 2346 2175 2373 con-

175 2396 278 2431 torta
306 2394 375 2438 fila
398 2393 502 2431 ducit
536 2395 775 2440 comparatio.
826 2394 904 2438 Quo
938 2393 1028 2430 item
1057 2394 1243 2446 pertinere
1267 2396 1371 2440 patet
1395 2393 1493 2441 quod
1517 2394 1650 2431 misere
1673 2396 1883 2440 corruptum
1907 2396 1965 2440 est
1987 2398 2040 2440 τῷ
2066 2397 2171 2441 πυρί.

176 2450 377 2499 Scripsisse
410 2451 506 2488 enim
535 2451 682 2490 videtur
707 2451 815 2489 Plato
843 2450 912 2496 τὴν
931 2449 1022 2500 Λτρ.
1050 2451 1095 2496 δὴ
1131 2454 1259 2497 τρίτην
1283 2462 1369 2488 σωτ.
1398 2455 1473 2488 τῶν
1504 2452 1781 2497 ληχθέντων
1807 2451 1864 2499 (ut
1886 2449 2073 2488 Bekkerus
2100 2449 2173 2487 18111

174 2510 305 2556 voluit)
334 2510 615 2558 ἀπεικασμένην
632 2514 675 2560 τῇ
692 2513 768 2551 τῶν
784 2507 1032 2545 κλωσθέντων
1058 2507 1244 2558 τολύπῃ
1269 2514 1320 2559 τῇ
1344 2510 1409 2558 ἀμ.
1438 2509 1728 2559 ἀπεργαζομένη
1755 2509 1935 2557 δύναμιν.
1964 2505 2116 2553 Τολὺπη
2135 2508 2173 2543 et

178 2566 402 2602 ’τολυπεύειν
426 2566 558 2603 eadem‘
577 2568 718 2605 ratione
743 2567 970 2605 intellectum
993 2566 1259 2614 interpretatur
1283 2567 1358 2605 iam
1380 2565 1597 2603 Eustathius
1619 2566 1717 2613 apud
1732 2566 1931 2603 Homerum
1946 2563 2054 2601 Iliad.
2074 2564 2170 2608 XIV,
