2436 3053
2110 70 2168 117 19

180 192 281 238 sunt
311 190 558 251 sanissima,
587 180 699 233 hanc
730 186 1055 250 explicationem
1083 186 1310 230 formaret.
1353 186 1423 239 „Ii
1452 188 1547 230 tum
1575 187 1756 231 fortasse
1783 200 1809 230 a
1837 188 1957 231 nobis
1988 200 2165 232 accusa-

177 261 341 310 toribus
369 258 551 317 pecunia
579 257 723 303 oblata
745 258 914 311 paim,
943 257 992 301 ut
1019 255 1075 301 ab
1106 255 1374 301 accusatione
1403 255 1678 309 desistamus,
1711 257 1786 301 sed
1807 258 2163 314 quemadmodum

177 331 338 379 frustm
376 342 403 374 a
438 328 562 373 nobis
587 316 678 374 hoc
706 328 874 382 petent,
929 325 990 370 sic
1027 337 1103 370 vos
1141 337 1309 382 quoque
1338 328 1379 369 et
1405 328 1497 369 tum
1526 339 1697 371 severos
1726 338 1802 371 vos
1830 329 2091 382 praestatuta
2112 331 2161 373 et

177 397 459 454 inexorabiles
493 398 539 441 et
567 397 697 441 immeo
727 396 972 452 Epicratem
999 395 1045 438 et
1073 395 1242 439 sodales
1273 394 1404 452 digna
1432 408 1569 452 poena
1596 397 1785 441 afficite“
1817 409 1924 454 quae
1950 397 2162 452 quomodo

177 466 290 515 inter
320 482 367 513 se
391 468 539 513 iuncta
566 468 681 512 recte
707 468 819 510 stare
840 465 1022 522 possint,
1055 477 1141 509 non
1161 465 1285 509 facile
1306 466 1548 521 quisquam,
1579 465 1749 521 opinor,
1780 466 2005 523 intelliget.
2054 468 2167 513 Mihi

179 539 353 596 quidem
382 537 513 592 verba
540 549 643 581 sana
669 548 762 581 esse
789 534 1010 587 videntur,
1055 533 1283 578 dummodo
1316 535 1575 591 cogitatione
1605 533 1712 579 illud
1741 534 1923 579 addatur
1953 537 2086 593 quod,
2116 539 2167 582 ut

178 623 255 667 per
281 622 328 653 se
358 609 499 666 ipsum
528 607 817 668 perspicuum,
846 606 990 664 orator
1017 604 1216 648 omittere
1246 617 1377 661 quam
1405 604 1560 648 addere
1589 604 1755 649 maluit.
1807 604 1891 659 Qui
1920 605 2033 650 enim
2063 619 2165 651 eon-

180 679 433 726 sideraverit
468 677 712 722 huiusmodi
747 676 992 721 notissimos
1028 676 1144 721 locos
1173 689 1210 719 e.
1240 675 1407 720 Philon.
1436 676 1475 731 ἕ.
1499 681 1554 719 25
1591 669 1703 719 ἀλλὰ
1740 672 1936 729 κίνδυνος
1964 676 2039 720 καὶ
2066 677 2166 730 τοὺς

177 747 405 808 χρηστοὺς,
452 745 527 791 ἐὰν
555 744 859 791 αἰσθάνωνται
899 741 1063 801 ὁμοίως
1088 743 1190 797 τοὺς
1200 743 1432 830 πονηροὺς
1460 743 1747 802 τιμωμένους,
1792 741 2055 792 παύσεσθαι
2082 749 2168 791 τῶν

176 820 373 903 χρηστῶν
409 813 787 875 ἐπιτηδευμάτων,
830 831 934 858 των
970 808 1150 859 αὐτῶν
1190 812 1444 873 ἡγουμένους
1485 809 1599 860 εἶναι
1633 812 1734 868 τούς
1767 831 1816 859 τε
1851 816 2012 869 κακοὺς
2037 821 2170 872 τιμᾶν

181 905 256 933 m
290 890 376 931 τῶν
414 880 603 942 αγαθῶν
640 879 910 968 ἀμνημονεῖν.
937 886 983 929 in
1008 887 1223 930 Eratosth.
1254 886 1292 941 ἓ.
1314 891 1383 929 41.
1443 884 1666 938 Πολλάκις
1706 880 1783 930 οὖν
1822 884 2061 942 ἐθαύμασα
2091 889 2170 946 τῆς

180 952 343 1040 τόλμης
370 957 454 1000 τῶν
484 952 694 1011 λεγόντων
720 951 835 1012 ὑπὲρ
866 953 1027 1007 αὐτῶν,
1055 952 1172 1012 πλην
1201 951 1305 997 ὅταν
1332 951 1576 1035 ἐνθυμηθῶ
1604 952 1672 997 ὅτι
1701 955 1805 997 τῶν
1835 948 1984 997 αυτῶ
1998 971 2020 996 ν
2049 954 2169 998 ἐστιν

182 1023 339 1078 αὐτούς
367 1040 416 1069 τε
448 1020 595 1067 πάντα
624 1021 680 1065 τὰ
711 1021 823 1065 κακὰ
850 1018 1115 1077 ἐργάζεσθαι
1143 1038 1219 1065 και
1247 1021 1349 1074 τοὺς
1368 1019 1595 1074 τοιούτους
1626 1021 1825 1066 ἐπαινεῖν
1839 1057 1851 1076 ,
1889 1023 2004 1079 (vide
2037 1025 2169 1068 etiam

180 1096 218 1151 g.
247 1099 306 1139 54
335 1096 384 1138 et
422 1107 499 1151 pro
538 1094 635 1138 bon.
664 1092 740 1150 Ar.
770 1091 806 1147 ἓ.
825 1092 900 1147 56)
928 1092 1002 1147 qui
1036 1093 1143 1136 haec
1181 1092 1313 1149 igitur
1343 1092 1698 1145 consideraverit,
1750 1093 1788 1137 is
1818 1092 1966 1146 facile,
2007 1094 2168 1150 opinor,

182 1164 397 1221 intelliget
436 1165 647 1206 oratorem
687 1160 947 1218 significare,
1000 1161 1206 1211 eiusmodi
1244 1162 1392 1218 quales
1432 1164 1656 1206 aecusatus
1693 1162 1750 1206 sit
1782 1162 1975 1206 homines
2016 1176 2092 1220 per
2122 1175 2168 1208 se

182 1234 325 1291 ipsum
354 1232 609 1276 credendum
640 1244 731 1275 esse
760 1231 1059 1287 largitionibus
1088 1234 1357 1276 accusatores
1388 1233 1684 1288 corrumpendi
1710 1233 1900 1276 facturos
1932 1246 2023 1276 esse
2055 1234 2169 1289 peri-

184 1304 347 1357 culum,
375 1302 502 1358 idqlse
534 1302 622 1345 iam
650 1301 826 1353 fecisse,
856 1299 932 1343 sed
960 1300 1139 1353 frustra,
1171 1314 1269 1344 cum
1299 1303 1522 1345 accusator
1548 1302 1735 1345 noluerit
1761 1301 1931 1345 facilem
1961 1303 2013 1346 iis
2042 1317 2168 1383 ³prae-

184 1374 290 1417 bere
302 1385 460 1417 aurem.
503 1370 656 1425 Quod
645 1384 786 1427 1psum
805 1372 983 1427 apparet
1004 1384 1055 1414 ex
1072 1372 1126 1414 iis
1146 1385 1253 1426 quae
1272 1369 1542 1427 sequuntur‘
1521 1375 1645 1428 ημεῖς
1663 1371 1742 1425 μὲν
1760 1368 1904 1414 τοίνυν
1922 1365 2001 1415 οὐκ
2030 1366 2168 1431 ἢθε-

182 1438 322 1501 λησα
329 1456 429 1499 μεν
461 1440 725 1496 προδοῦναι,
756 1436 957 1494 ἆξιουμεν
988 1438 1037 1483 δὲ
1068 1439 1166 1498 μηδ’
1195 1437 1327 1494 ὑμᾶς,
1361 1437 1708 1495 ἐνθυμουμένους
1733 1437 1805 1483 ὅτι
1824 1436 2015 1499 σφόδρ”
1999 1439 2051 1484 οἶν
2070 1438 2172 1500 ἡμῖν

183 1505 423 1568 ωργίζεσθε
437 1534 497 1540 —
512 1506 626 1552 ὅπου
648 1505 1011 1566 παρεπίπτομεν,
1047 1507 1109 1560 ὥς
1127 1506 1246 1560 εἰκὸς
1275 1508 1376 1561 τοὺς
1405 1502 1684 1562 αὸικοῦντας,
1718 1506 1759 1551 εἰ
1778 1506 1906 1566 ἡμεῖς
1926 1508 2051 1567 παρὰ
2071 1527 2171 1553 του-

182 1596 269 1623 των
300 1576 329 1636 ἢ
345 1574 543 1636 χρήματα
571 1575 822 1633 λαβόντες)
807 1575 834 1636 ἠ
860 1575 982 1635 ἄλλῳ
1009 1576 1100 1622 τινὶ
1126 1575 1280 1637 τρόπῳ
1311 1578 1594 1637 διηλλάγημεν
1625 1593 1732 1635 quae
1760 1580 1822 1623 sic
1841 1581 2001 1637 scripta
2020 1581 2171 1627 r-ecfis-

185 1649 291 1693 sime
322 1648 506 1700 habent,
532 1661 673 1703 neque
704 1648 869 1692 videtur
900 1661 1011 1701 esse,
1053 1661 1127 1692 cur
1156 1649 1400 1703 Kayser-um
1430 1650 1564 1692 secuti
1594 1649 1735 1692 verbis
1765 1647 1964 1703 ἀξιοῦμεν
1995 1648 2045 1692 δὲ
2074 1650 2172 1707 μηδ’

182 1716 299 1773 ὑμᾶς
318 1716 503 1773 expulsis
516 1751 526 1770 ‚
557 1717 792 1763 scribamus
823 1715 1135 1773 ἐνθυμούμενοι
1164 1719 1213 1763 ut
1245 1731 1369 1763 suam
1388 1717 1521 1776 ipsius
1541 1719 1731 1764 mentem
1752 1719 1917 1775 aperiat
1936 1721 2172 1764 accusator.

183 1789 252 1831 Ita
294 1787 408 1831 enim
438 1787 627 1839 deesset,
670 1800 751 1843 quo
784 1787 951 1830 sublato
982 1788 1114 1831 verba
1141 1789 1363 1842 sequentia
1393 1785 1540 1830 καίτοι
1573 1785 1612 1830 οἱ
1643 1790 1738 1838 τοῖς
1763 1787 1822 1844 μὴ
1856 1785 2039 1839 δικαίως
2066 1785 2173 1831 ἓπε-
2204 1791 2206 1793 ’

184 1856 349 1911 ξιοῦσιν
376 1852 629 1912 ὀργίζεσθε,
662 1850 688 1913 ἦ
721 1871 810 1899 που
838 1854 1012 1913 σφόδρα
1035 1855 1116 1914 χρὴ
1149 1849 1302 1908 αὐτοὺς
1330 1855 1433 1908 τοὺς
1462 1850 1721 1908 ἀδικοῦντας
1748 1859 2045 1912 τιμωρεῖσθαι
2075 1870 2174 1902 cum

185 1924 533 1970 antecedentibus
562 1937 648 1968 non
683 1926 801 1969 recte
845 1926 987 1969 essent
1021 1939 1214 1970 connexa
1254 1927 1298 1970 et
1336 1926 1573 1978 coniuncta.
1630 1924 1861 1971 Siminina
1887 1926 2045 1982 legitur
2073 1939 2173 1969 sen-

184 1995 320 2039 tenua
349 2007 482 2038 mor
518 2007 552 2039 c.
582 1994 854 2050 Alcibwflg
878 2000 1080 2038 2..

329 2063 493 2108 Aliter
504 2064 641 2108 sentio
668 2065 830 2110 dealio
861 2066 955 2131 loco
981 2065 1058 2122 qui
1087 2067 1154 2110 est
1183 2066 1227 2109 in
1255 2078 1316 2109 or.
1338 2064 1524 2110 XXVIII
1553 2079 1585 2109 ο.
1607 2064 1776 2122 Ergocl.
1799 2065 1837 2120 §-
1864 2069 1928 2109 15.
1949 2077 1990 2121 p.
2013 2069 2099 2109 826
2121 2065 2173 2110 R.

185 2132 298 2176 ὥστε
328 2131 444 2177 πολὺ
475 2129 529 2176 ἂν
560 2131 832 2191 δικαιότερον
861 2133 975 2190 ὑμᾶς
1003 2129 1156 2186 αὐτοὺς
1183 2132 1210 2193 ἢ
1238 2132 1416 2186 τούτους
1445 2134 1566 2190 (τους
1592 2130 1845 2191 φεύγοντας)
1872 2131 2058 2187 ἐλεοῖτε,
2100 2132 2176 2178 καὶ

185 2202 286 2254 τοὺς
315 2198 545 2261 ὑμετέρους
574 2204 742 2255 παῖδας
770 2203 843 2247 καὶ
870 2206 1092 2260 γυναῖκας,
1124 2201 1192 2248 ότι
1222 2200 1314 2247 ὑπὸ
1346 2199 1559 2265 τοιούτων
1578 2197 1745 2261 ἀνδρῶν
1765 2199 2047 2262 λυμαίνεσθε.
2067 2199 2174 2248 ὅταν

185 2269 265 2329 γὰρ
313 2267 659 2331 ηγησώμεθα
709 2269 926 2331 σωτηρίας
950 2270 1387 2331 ἀντειλῆφθαι,
1431 2269 1669 2331 ,δεινότερα
1704 2269 1802 2316 υπὸ
1839 2273 1925 2314 τῶν
1959 2269 2177 2330 ἡμετέρων

186 2333 400 2398 ἀρχόντων
440 2337 739 2397 πάσχομεν
780 2339 809 2401 ἢ
850 2338 940 2386 ὑπὸ
982 2344 1072 2386 τῶν
1109 2339 1347 2397 πολεμίων.
1425 2342 1616 2397 Quor-um
1655 2342 1884 2387 verborura
1925 2342 2175 2394 sententiae,

188 2422 317 2466 quam
345 2422 431 2455 non
459 2412 576 2455 recte
606 2412 761 2456 habere
796 2408 992 2468 apparet,
1023 2412 1106 2456 viri
1130 2411 1244 2455 docti
1263 2412 1384 2456 varia
1405 2413 1650 2455 coniectura
1671 2424 1890 2455 occanere
1912 2412 2176 2455 studuerunt.

187 2478 254 2523 Ao
282 2479 502 2537 Kayserus
526 2480 698 2537 quidem
728 2482 882 2526 Philol.
904 2483 977 2527 XI.
1008 2496 1048 2539 p.
1077 2486 1174 2527 163.
1202 2482 1472 2526 scribendum
1504 2494 1595 2526 esse
1627 2482 1792 2526 censuit
1821 2479 1895 2525 ὅτε
1929 2506 1984 2513 -
2016 2476 2177 2538 ἡγησά-

186 2549 311 2603 μεθα
350 2574 409 2582 ——
445 2544 660 2609 ἀρχόντων
707 2550 1049 2607 ἐπάσχομεν,
1103 2564 1228 2609 quem
1271 2551 1336 2596 ita
1377 2552 1547 2596 secutus
1589 2552 1655 2595 est
1687 2550 1893 2601 CobetuS‚
1942 2551 1991 2593 ut
2029 2551 2179 2594 tamen

1820 2620 1880 2662 3*
