<?xml version="1.0" encoding="UTF-8"?>
<!DOCTYPE html PUBLIC "-//W3C//DTD XHTML 1.0 Transitional//EN"
    "http://www.w3.org/TR/xhtml1/DTD/xhtml1-transitional.dtd">
<html xmlns="http://www.w3.org/1999/xhtml" xml:lang="en" lang="en">
 <head>
  <title>
</title>
<meta http-equiv="Content-Type" content="text/html;charset=utf-8" />
  <meta name='ocr-system' content='tesseract 3.04.00' />
  <meta name='ocr-capabilities' content='ocr_page ocr_carea ocr_par ocr_line ocrx_word'/>
</head>
<body>
  <div class='ocr_page' id='page_1' title='image "./4773777_0016.png"; bbox 0 0 2436 3053; ppageno 0'>
   <div class='ocr_carea' id='block_1_1' title="bbox 2149 95 2178 138">
    <p class='ocr_par' dir='ltr' id='par_1_1' title="bbox 2149 95 2178 138">
     <span class='ocr_line' id='line_1_1' title="bbox 2149 95 2178 138; baseline 0 0"><span class='ocrx_word' id='word_1_1' title='bbox 2149 95 2178 138; x_wconf 87' lang='lat'>5</span> 
     </span>
    </p>
   </div>
   <div class='ocr_carea' id='block_1_2' title="bbox 93 210 2176 2637">
    <p class='ocr_par' dir='ltr' id='par_1_2' title="bbox 93 210 2176 2637">
     <span class='ocr_line' id='line_1_2' title="bbox 186 210 2176 268; baseline -0.001 -11"><span class='ocrx_word' id='word_1_2' title='bbox 186 211 329 258; x_wconf 86' lang='lat' dir='ltr'><strong>nescio</strong></span> <span class='ocrx_word' id='word_1_3' title='bbox 368 225 424 257; x_wconf 89' lang='lat' dir='ltr'><strong>an</strong></span> <span class='ocrx_word' id='word_1_4' title='bbox 460 211 527 255; x_wconf 82' lang='lat' dir='ltr'><strong>ita</strong></span> <span class='ocrx_word' id='word_1_5' title='bbox 563 210 835 255; x_wconf 85' lang='lat' dir='ltr'><strong>retinendum</strong></span> <span class='ocrx_word' id='word_1_6' title='bbox 876 212 933 255; x_wconf 89' lang='lat' dir='ltr'><strong>sit</strong></span> <span class='ocrx_word' id='word_1_7' title='bbox 944 234 963 264; x_wconf 59' lang='lat'><strong>‚,</strong></span> <span class='ocrx_word' id='word_1_8' title='bbox 1002 212 1052 256; x_wconf 89' lang='lat' dir='ltr'><strong>ut</strong></span> <span class='ocrx_word' id='word_1_9' title='bbox 1090 210 1145 255; x_wconf 90' lang='lat' dir='ltr'><strong>ad</strong></span> <span class='ocrx_word' id='word_1_10' title='bbox 1178 211 1294 267; x_wconf 87' lang='lat' dir='ltr'><strong>ipsos</strong></span> <span class='ocrx_word' id='word_1_11' title='bbox 1332 223 1405 255; x_wconf 87' lang='lat' dir='ltr'><strong>eos</strong></span> <span class='ocrx_word' id='word_1_12' title='bbox 1446 212 1483 255; x_wconf 82' lang='lat' dir='ltr'><strong>si</strong></span> <span class='ocrx_word' id='word_1_13' title='bbox 1522 211 1595 267; x_wconf 91' lang='lat' dir='ltr'><strong>qui</strong></span> <span class='ocrx_word' id='word_1_14' title='bbox 1625 212 1848 256; x_wconf 88' lang='lat' dir='ltr'><strong>sortitione</strong></span> <span class='ocrx_word' id='word_1_15' title='bbox 1876 213 2046 268; x_wconf 83' lang='lat' dir='ltr'><strong>probati</strong></span> <span class='ocrx_word' id='word_1_16' title='bbox 2075 213 2176 255; x_wconf 87' lang='lat' dir='ltr'><strong>sunt</strong></span> 
     </span>
     <span class='ocr_line' id='line_1_3' title="bbox 186 277 2174 339; baseline -0.002 -12"><span class='ocrx_word' id='word_1_17' title='bbox 186 283 371 327; x_wconf 81' lang='lat' dir='ltr'><strong>nefarios</strong></span> <span class='ocrx_word' id='word_1_18' title='bbox 396 281 589 325; x_wconf 86' lang='lat' dir='ltr'><strong>homines</strong></span> <span class='ocrx_word' id='word_1_19' title='bbox 617 280 839 325; x_wconf 82' lang='lat' dir='ltr'><strong>referatur.</strong></span> <span class='ocrx_word' id='word_1_20' title='bbox 898 279 1128 337; x_wconf 77' lang='lat' dir='ltr'>Scripsisse</span> <span class='ocrx_word' id='word_1_21' title='bbox 1159 280 1273 325; x_wconf 90' lang='lat' dir='ltr'><strong>enim</strong></span> <span class='ocrx_word' id='word_1_22' title='bbox 1299 280 1406 324; x_wconf 88' lang='lat' dir='ltr'><strong>mihi</strong></span> <span class='ocrx_word' id='word_1_23' title='bbox 1425 280 1593 325; x_wconf 76' lang='lat' dir='ltr'><strong>videtur</strong></span> <span class='ocrx_word' id='word_1_24' title='bbox 1615 281 1762 339; x_wconf 72' lang='lat' dir='ltr'><strong>Lysias</strong></span> <span class='ocrx_word' id='word_1_25' title='bbox 1790 281 1878 326; x_wconf 85' lang='lat' dir='ltr'><strong>tale</strong></span> <span class='ocrx_word' id='word_1_26' title='bbox 1900 281 2023 337; x_wconf 84' lang='lat' dir='ltr'><strong>quid:</strong></span> <span class='ocrx_word' id='word_1_27' title='bbox 2067 277 2174 325; x_wconf 79' lang='grc' dir='ltr'><strong><em>ὅταν</em></strong></span> 
     </span>
     <span class='ocr_line' id='line_1_4' title="bbox 183 344 2173 410; baseline -0.002 -13"><span class='ocrx_word' id='word_1_28' title='bbox 183 352 391 410; x_wconf 72' lang='grc' dir='ltr'><strong>γένωνται</strong></span> <span class='ocrx_word' id='word_1_29' title='bbox 424 344 540 394; x_wconf 86' lang='grc' dir='ltr'><strong><em>οἶσι</em></strong></span> <span class='ocrx_word' id='word_1_30' title='bbox 577 350 647 394; x_wconf 88' lang='lat' dir='ltr'><strong>vel</strong></span> <span class='ocrx_word' id='word_1_31' title='bbox 676 351 726 394; x_wconf 81' lang='lat' dir='ltr'><strong>ut</strong></span> <span class='ocrx_word' id='word_1_32' title='bbox 755 352 822 394; x_wconf 80' lang='lat' dir='ltr'><strong>ost</strong></span> <span class='ocrx_word' id='word_1_33' title='bbox 850 350 962 407; x_wconf 84' lang='lat' dir='ltr'><strong>apud</strong></span> <span class='ocrx_word' id='word_1_34' title='bbox 991 350 1163 406; x_wconf 80' lang='lat' dir='ltr'>Lysiam</span> <span class='ocrx_word' id='word_1_35' title='bbox 1192 350 1355 403; x_wconf 73' lang='lat' dir='ltr'><strong>mv,</strong></span> <span class='ocrx_word' id='word_1_36' title='bbox 1396 355 1451 393; x_wconf 80' lang='lat'><strong>25</strong></span> <span class='ocrx_word' id='word_1_37' title='bbox 1483 347 1588 393; x_wconf 81' lang='grc' dir='ltr'><strong><em>ὅταν</em></strong></span> <span class='ocrx_word' id='word_1_38' title='bbox 1616 349 1822 406; x_wconf 82' lang='grc' dir='ltr'><strong><em>γένωνται</em></strong></span> <span class='ocrx_word' id='word_1_39' title='bbox 1853 347 1906 393; x_wconf 74' lang='grc' dir='ltr'><strong><em>ἓν</em></strong></span> <span class='ocrx_word' id='word_1_40' title='bbox 1940 348 2173 404; x_wconf 78' lang='grc' dir='ltr'><strong><em>δυνάμει</em></strong></span> 
     </span>
     <span class='ocr_line' id='line_1_5' title="bbox 184 415 2172 476; baseline -0.001 -11"><span class='ocrx_word' id='word_1_41' title='bbox 184 415 297 465; x_wconf 81' lang='grc' dir='ltr'><strong><em>οἶοι</em></strong></span> <span class='ocrx_word' id='word_1_42' title='bbox 327 418 373 463; x_wconf 81' lang='grc' dir='ltr'><strong><em>ἒν</em></strong></span> <span class='ocrx_word' id='word_1_43' title='bbox 400 417 585 470; x_wconf 78' lang='grc' dir='ltr'><strong><em>ἐκείνοις</em></strong></span> <span class='ocrx_word' id='word_1_44' title='bbox 613 421 709 470; x_wconf 82' lang='grc' dir='ltr'><strong><em>τοῖς</em></strong></span> <span class='ocrx_word' id='word_1_45' title='bbox 734 417 917 476; x_wconf 78' lang='grc' dir='ltr'><strong><em>χρόνοις.</em></strong></span> <span class='ocrx_word' id='word_1_46' title='bbox 981 420 1091 463; x_wconf 81' lang='lat' dir='ltr'><strong>Tum</strong></span> <span class='ocrx_word' id='word_1_47' title='bbox 1120 420 1466 464; x_wconf 77' lang='lat' dir='ltr'><strong>commemoratio</strong></span> <span class='ocrx_word' id='word_1_48' title='bbox 1498 433 1645 464; x_wconf 88' lang='lat' dir='ltr'><strong>eorum</strong></span> <span class='ocrx_word' id='word_1_49' title='bbox 1675 421 1829 476; x_wconf 83' lang='lat' dir='ltr'><strong>quibus</strong></span> <span class='ocrx_word' id='word_1_50' title='bbox 1858 420 1993 476; x_wconf 81' lang='lat' dir='ltr'><strong>pressi</strong></span> <span class='ocrx_word' id='word_1_51' title='bbox 2013 420 2172 464; x_wconf 85' lang='lat' dir='ltr'><strong>fuerint</strong></span> 
     </span>
     <span class='ocr_line' id='line_1_6' title="bbox 182 488 2171 546; baseline -0.001 -11"><span class='ocrx_word' id='word_1_52' title='bbox 182 490 396 535; x_wconf 83' lang='lat' dir='ltr'><strong>malorum</strong></span> <span class='ocrx_word' id='word_1_53' title='bbox 424 489 476 533; x_wconf 90' lang='lat' dir='ltr'><strong>fit</strong></span> <span class='ocrx_word' id='word_1_54' title='bbox 503 490 589 541; x_wconf 84' lang='lat' dir='ltr'><strong>ita,</strong></span> <span class='ocrx_word' id='word_1_55' title='bbox 619 491 669 532; x_wconf 87' lang='lat' dir='ltr'><strong>ut</strong></span> <span class='ocrx_word' id='word_1_56' title='bbox 692 489 724 532; x_wconf 94' lang='lat' dir='ltr'><strong>ii</strong></span> <span class='ocrx_word' id='word_1_57' title='bbox 753 490 837 545; x_wconf 81' lang='lat' dir='ltr'><strong>ipsi</strong></span> <span class='ocrx_word' id='word_1_58' title='bbox 868 489 1186 545; x_wconf 84' lang='lat' dir='ltr'><strong>significentur,</strong></span> <span class='ocrx_word' id='word_1_59' title='bbox 1216 488 1291 545; x_wconf 87' lang='lat' dir='ltr'><strong>qui</strong></span> <span class='ocrx_word' id='word_1_60' title='bbox 1320 488 1491 545; x_wconf 85' lang='lat' dir='ltr'><strong>culpam</strong></span> <span class='ocrx_word' id='word_1_61' title='bbox 1522 490 1759 533; x_wconf 68' lang='lat' dir='ltr'><strong>atrocitatis</strong></span> <span class='ocrx_word' id='word_1_62' title='bbox 1788 489 1977 546; x_wconf 87' lang='lat' dir='ltr'><strong>priorum</strong></span> <span class='ocrx_word' id='word_1_63' title='bbox 1996 489 2171 533; x_wconf 84' lang='lat' dir='ltr'><strong>illorum</strong></span> 
     </span>
     <span class='ocr_line' id='line_1_7' title="bbox 184 550 2170 614; baseline -0.002 -10"><span class='ocrx_word' id='word_1_64' title='bbox 184 550 453 604; x_wconf 67' lang='lat' dir='ltr'><strong>sustinebant</strong></span> <span class='ocrx_word' id='word_1_65' title='bbox 475 560 734 614; x_wconf 87' lang='lat' dir='ltr'><strong>temporum,</strong></span> <span class='ocrx_word' id='word_1_66' title='bbox 765 571 874 614; x_wconf 87' lang='lat' dir='ltr'><strong>quae</strong></span> <span class='ocrx_word' id='word_1_67' title='bbox 894 560 1041 602; x_wconf 88' lang='lat' dir='ltr'><strong>monet</strong></span> <span class='ocrx_word' id='word_1_68' title='bbox 1061 560 1203 602; x_wconf 79' lang='lat' dir='ltr'><strong>orator</strong></span> <span class='ocrx_word' id='word_1_69' title='bbox 1223 560 1462 611; x_wconf 81' lang='lat' dir='ltr'><strong>senatores,</strong></span> <span class='ocrx_word' id='word_1_70' title='bbox 1493 561 1542 602; x_wconf 89' lang='lat' dir='ltr'><strong>ut</strong></span> <span class='ocrx_word' id='word_1_71' title='bbox 1562 558 1784 602; x_wconf 85' lang='lat' dir='ltr'><strong>sortitione</strong></span> <span class='ocrx_word' id='word_1_72' title='bbox 1803 558 1990 602; x_wconf 78' lang='lat' dir='ltr'><strong>Euandri</strong></span> <span class='ocrx_word' id='word_1_73' title='bbox 2009 559 2170 613; x_wconf 89' lang='lat' dir='ltr'><strong>impro-</strong></span> 
     </span>
     <span class='ocr_line' id='line_1_8' title="bbox 184 627 2168 684; baseline -0.002 -10"><span class='ocrx_word' id='word_1_74' title='bbox 184 630 287 674; x_wconf 78' lang='lat' dir='ltr'><strong>bata</strong></span> <span class='ocrx_word' id='word_1_75' title='bbox 328 641 477 673; x_wconf 85' lang='lat' dir='ltr'><strong>cavere</strong></span> <span class='ocrx_word' id='word_1_76' title='bbox 509 628 661 680; x_wconf 85' lang='lat' dir='ltr'><strong>velint,</strong></span> <span class='ocrx_word' id='word_1_77' title='bbox 700 641 753 671; x_wconf 89' lang='lat' dir='ltr'><strong>ne</strong></span> <span class='ocrx_word' id='word_1_78' title='bbox 790 628 971 684; x_wconf 87' lang='lat' dir='ltr'><strong>posthac</strong></span> <span class='ocrx_word' id='word_1_79' title='bbox 995 628 1183 672; x_wconf 80' lang='lat' dir='ltr'><strong>redeant.</strong></span> <span class='ocrx_word' id='word_1_80' title='bbox 1241 627 1272 671; x_wconf 87' lang='lat' dir='ltr'><strong>J</strong></span> <span class='ocrx_word' id='word_1_81' title='bbox 1274 640 1344 671; x_wconf 88' lang='lat' dir='ltr'><strong>am</strong></span> <span class='ocrx_word' id='word_1_82' title='bbox 1374 629 1539 672; x_wconf 77' lang='lat' dir='ltr'><strong>restant</strong></span> <span class='ocrx_word' id='word_1_83' title='bbox 1565 628 1719 672; x_wconf 81' lang='lat' dir='ltr'><strong>ultima.</strong></span> <span class='ocrx_word' id='word_1_84' title='bbox 1747 629 1874 671; x_wconf 86' lang='lat' dir='ltr'><strong>huius</strong></span> <span class='ocrx_word' id='word_1_85' title='bbox 1903 628 2168 671; x_wconf 82' lang='lat' dir='ltr'><strong>demonstra-</strong></span> 
     </span>
     <span class='ocr_line' id='line_1_9' title="bbox 181 690 2168 755; baseline -0.003 -12"><span class='ocrx_word' id='word_1_86' title='bbox 181 699 310 744; x_wconf 84' lang='lat' dir='ltr'>tionis</span> <span class='ocrx_word' id='word_1_87' title='bbox 345 698 475 742; x_wconf 84' lang='lat' dir='ltr'><strong>verba</strong></span> <span class='ocrx_word' id='word_1_88' title='bbox 516 692 694 741; x_wconf 81' lang='grc' dir='ltr'><strong><em>κᾶκεῖνο</em></strong></span> <span class='ocrx_word' id='word_1_89' title='bbox 733 700 1188 755; x_wconf 76' lang='grc' dir='ltr'><strong><em>προσενθυμηθῶσιν,</em></strong></span> <span class='ocrx_word' id='word_1_90' title='bbox 1233 694 1303 741; x_wconf 81' lang='grc' dir='ltr'><strong><em>ὅτι</em></strong></span> <span class='ocrx_word' id='word_1_91' title='bbox 1338 694 1362 740; x_wconf 85' lang='grc' dir='ltr'>ὁ</span> <span class='ocrx_word' id='word_1_92' title='bbox 1403 690 1533 749; x_wconf 70' lang='grc' dir='ltr'><strong><em>αὐτὸς</em></strong></span> <span class='ocrx_word' id='word_1_93' title='bbox 1563 691 1690 749; x_wconf 82' lang='grc' dir='ltr'><strong><em>οὗτος</em></strong></span> <span class='ocrx_word' id='word_1_94' title='bbox 1719 693 1826 755; x_wconf 77' lang='grc' dir='ltr'><strong><em>ἀνὴρ</em></strong></span> <span class='ocrx_word' id='word_1_95' title='bbox 1860 692 2168 753; x_wconf 83' lang='grc' dir='ltr'><strong><em>Θρασύβουλος</em></strong></span> 
     </span>
     <span class='ocr_line' id='line_1_10' title="bbox 183 762 2164 825; baseline -0.003 -13"><span class='ocrx_word' id='word_1_96' title='bbox 183 765 327 820; x_wconf 78' lang='grc' dir='ltr'><strong><em>αἴτιος</em></strong></span> <span class='ocrx_word' id='word_1_97' title='bbox 364 766 586 825; x_wconf 77' lang='grc' dir='ltr'><strong><em>γεγένηται</em></strong></span> <span class='ocrx_word' id='word_1_98' title='bbox 623 763 934 820; x_wconf 79' lang='grc' dir='ltr'><strong><em>Λεωδάμαντά</em></strong></span> <span class='ocrx_word' id='word_1_99' title='bbox 974 782 1022 810; x_wconf 83' lang='grc' dir='ltr'><strong>τε</strong></span> <span class='ocrx_word' id='word_1_100' title='bbox 1057 762 1477 825; x_wconf 74' lang='grc' dir='ltr'><em>ἀποδοκιμασθῆναι</em></span> <span class='ocrx_word' id='word_1_101' title='bbox 1517 765 1590 810; x_wconf 81' lang='grc' dir='ltr'><strong>καὶ</strong></span> <span class='ocrx_word' id='word_1_102' title='bbox 1626 770 1782 811; x_wconf 80' lang='grc' dir='ltr'><strong><em>τοῦτον</em></strong></span> <span class='ocrx_word' id='word_1_103' title='bbox 1823 766 2164 823; x_wconf 73' lang='grc' dir='ltr'><strong><em>δοκιμασθῆναι,</em></strong></span> 
     </span>
     <span class='ocr_line' id='line_1_11' title="bbox 179 831 2167 894; baseline -0.002 -13"><span class='ocrx_word' id='word_1_104' title='bbox 179 841 256 881; x_wconf 80' lang='grc' dir='ltr'><strong>τοῦ</strong></span> <span class='ocrx_word' id='word_1_105' title='bbox 284 836 365 890; x_wconf 79' lang='grc' dir='ltr'><strong><em>μὲν</em></strong></span> <span class='ocrx_word' id='word_1_106' title='bbox 391 834 626 894; x_wconf 79' lang='grc' dir='ltr'><strong><em>κατήγορος</em></strong></span> <span class='ocrx_word' id='word_1_107' title='bbox 650 831 903 891; x_wconf 80' lang='grc' dir='ltr'><strong><em>γενόμενος,</em></strong></span> <span class='ocrx_word' id='word_1_108' title='bbox 933 833 1044 892; x_wconf 73' lang='grc' dir='ltr'><strong>ὑπὲρ</strong></span> <span class='ocrx_word' id='word_1_109' title='bbox 1065 832 1221 879; x_wconf 84' lang='grc' dir='ltr'><strong><em>τούτου</em></strong></span> <span class='ocrx_word' id='word_1_110' title='bbox 1240 836 1290 880; x_wconf 80' lang='grc' dir='ltr'><strong>δὲ</strong></span> <span class='ocrx_word' id='word_1_111' title='bbox 1311 831 1685 894; x_wconf 73' lang='grc' dir='ltr'><strong><em>ἀπολογήσασθαι</em></strong></span> <span class='ocrx_word' id='word_1_112' title='bbox 1706 832 2167 892; x_wconf 80' lang='grc' dir='ltr'><strong><em>παρασκευασάμενος,</em></strong></span> 
     </span>
     <span class='ocr_line' id='line_1_12' title="bbox 180 897 2166 963; baseline -0.002 -13"><span class='ocrx_word' id='word_1_113' title='bbox 180 897 232 956; x_wconf 67' lang='grc' dir='ltr'><strong>ὃς</strong></span> <span class='ocrx_word' id='word_1_114' title='bbox 269 901 394 957; x_wconf 80' lang='grc' dir='ltr'><strong><em>ὅπως</em></strong></span> <span class='ocrx_word' id='word_1_115' title='bbox 432 904 547 962; x_wconf 80' lang='grc' dir='ltr'><strong><em>πρὸς</em></strong></span> <span class='ocrx_word' id='word_1_116' title='bbox 582 904 660 963; x_wconf 66' lang='grc' dir='ltr'><strong>τὴν</strong></span> <span class='ocrx_word' id='word_1_117' title='bbox 699 902 831 948; x_wconf 80' lang='grc' dir='ltr'><strong><em>πόλιν</em></strong></span> <span class='ocrx_word' id='word_1_118' title='bbox 872 905 1127 948; x_wconf 83' lang='grc' dir='ltr'><strong><em>διακεῖσθαι</em></strong></span> <span class='ocrx_word' id='word_1_119' title='bbox 1167 903 1244 948; x_wconf 81' lang='grc' dir='ltr'><strong>καὶ</strong></span> <span class='ocrx_word' id='word_1_120' title='bbox 1275 902 1428 949; x_wconf 85' lang='grc' dir='ltr'><strong><em>πόσων</em></strong></span> <span class='ocrx_word' id='word_1_121' title='bbox 1459 902 1603 957; x_wconf 76' lang='grc' dir='ltr'><strong><em>αἴτιος</em></strong></span> <span class='ocrx_word' id='word_1_122' title='bbox 1632 900 1742 963; x_wconf 75' lang='grc' dir='ltr'><strong><em>αὐτῇ</em></strong></span> <span class='ocrx_word' id='word_1_123' title='bbox 1771 908 1916 948; x_wconf 82' lang='grc' dir='ltr'><strong><em>κακῶν</em></strong></span> <span class='ocrx_word' id='word_1_124' title='bbox 1944 902 2166 960; x_wconf 78' lang='grc' dir='ltr'><strong><em>γεγένηται</em></strong></span> 
     </span>
     <span class='ocr_line' id='line_1_13' title="bbox 177 973 2164 1031; baseline -0.001 -12"><span class='ocrx_word' id='word_1_125' title='bbox 177 977 269 1019; x_wconf 86' lang='lat' dir='ltr'><strong>tam</strong></span> <span class='ocrx_word' id='word_1_126' title='bbox 295 976 423 1030; x_wconf 85' lang='lat' dir='ltr'><strong>plena</strong></span> <span class='ocrx_word' id='word_1_127' title='bbox 451 975 529 1017; x_wconf 85' lang='lat' dir='ltr'><strong>illa</strong></span> <span class='ocrx_word' id='word_1_128' title='bbox 558 975 729 1029; x_wconf 89' lang='lat' dir='ltr'><strong>quidem</strong></span> <span class='ocrx_word' id='word_1_129' title='bbox 756 975 1053 1026; x_wconf 83' lang='lat' dir='ltr'><strong>dubitationis,</strong></span> <span class='ocrx_word' id='word_1_130' title='bbox 1083 977 1133 1019; x_wconf 90' lang='lat' dir='ltr'><strong>ut</strong></span> <span class='ocrx_word' id='word_1_131' title='bbox 1161 989 1416 1031; x_wconf 84' lang='lat' dir='ltr'><strong>quamquam</strong></span> <span class='ocrx_word' id='word_1_132' title='bbox 1445 976 1490 1018; x_wconf 92' lang='lat' dir='ltr'><strong>in</strong></span> <span class='ocrx_word' id='word_1_133' title='bbox 1517 976 1637 1019; x_wconf 86' lang='lat' dir='ltr'><strong>libris</strong></span> <span class='ocrx_word' id='word_1_134' title='bbox 1657 987 1788 1019; x_wconf 87' lang='lat' dir='ltr'><strong>manu</strong></span> <span class='ocrx_word' id='word_1_135' title='bbox 1808 973 1978 1030; x_wconf 88' lang='lat' dir='ltr'><strong>scriptis</strong></span> <span class='ocrx_word' id='word_1_136' title='bbox 1997 973 2164 1017; x_wconf 90' lang='lat' dir='ltr'><strong>nullum</strong></span> 
     </span>
     <span class='ocr_line' id='line_1_14' title="bbox 175 1042 2162 1099; baseline -0.001 -12"><span class='ocrx_word' id='word_1_137' title='bbox 175 1044 392 1088; x_wconf 86' lang='lat' dir='ltr'><strong>invenitur</strong></span> <span class='ocrx_word' id='word_1_138' title='bbox 429 1044 608 1087; x_wconf 82' lang='lat' dir='ltr'><strong>lacunae</strong></span> <span class='ocrx_word' id='word_1_139' title='bbox 645 1043 895 1099; x_wconf 86' lang='lat' dir='ltr'><strong>vestigium,</strong></span> <span class='ocrx_word' id='word_1_140' title='bbox 950 1044 1033 1087; x_wconf 87' lang='lat' dir='ltr'><strong>viri</strong></span> <span class='ocrx_word' id='word_1_141' title='bbox 1071 1043 1186 1087; x_wconf 86' lang='lat' dir='ltr'><strong>docti</strong></span> <span class='ocrx_word' id='word_1_142' title='bbox 1223 1046 1368 1088; x_wconf 85' lang='lat' dir='ltr'><strong>tamen</strong></span> <span class='ocrx_word' id='word_1_143' title='bbox 1406 1057 1558 1088; x_wconf 84' lang='lat' dir='ltr'><strong>manca</strong></span> <span class='ocrx_word' id='word_1_144' title='bbox 1597 1046 1641 1088; x_wconf 88' lang='lat' dir='ltr'><strong>et</strong></span> <span class='ocrx_word' id='word_1_145' title='bbox 1676 1044 1917 1098; x_wconf 85' lang='lat' dir='ltr'><strong>interrupta</strong></span> <span class='ocrx_word' id='word_1_146' title='bbox 1950 1042 2028 1086; x_wconf 88' lang='lat' dir='ltr'><strong>illa</strong></span> <span class='ocrx_word' id='word_1_147' title='bbox 2069 1054 2162 1085; x_wconf 89' lang='lat' dir='ltr'><strong>esse</strong></span> 
     </span>
     <span class='ocr_line' id='line_1_15' title="bbox 174 1112 2161 1170; baseline -0.001 -14"><span class='ocrx_word' id='word_1_148' title='bbox 174 1113 366 1168; x_wconf 82' lang='lat' dir='ltr'><strong>plerique</strong></span> <span class='ocrx_word' id='word_1_149' title='bbox 406 1113 671 1168; x_wconf 87' lang='lat' dir='ltr'><strong>putaverint,</strong></span> <span class='ocrx_word' id='word_1_150' title='bbox 720 1112 855 1156; x_wconf 87' lang='lat' dir='ltr'><strong>secuti</strong></span> <span class='ocrx_word' id='word_1_151' title='bbox 891 1112 1095 1156; x_wconf 88' lang='lat' dir='ltr'><strong>iudicium</strong></span> <span class='ocrx_word' id='word_1_152' title='bbox 1125 1113 1317 1168; x_wconf 85' lang='lat' dir='ltr'><strong>Taylori‚</strong></span> <span class='ocrx_word' id='word_1_153' title='bbox 1365 1127 1491 1170; x_wconf 87' lang='lat' dir='ltr'><strong>quem</strong></span> <span class='ocrx_word' id='word_1_154' title='bbox 1533 1114 1674 1169; x_wconf 90' lang='lat' dir='ltr'><strong>ipsum</strong></span> <span class='ocrx_word' id='word_1_155' title='bbox 1712 1113 1970 1161; x_wconf 87' lang='lat' dir='ltr'><strong>sententiam</strong></span> <span class='ocrx_word' id='word_1_156' title='bbox 2002 1112 2161 1167; x_wconf 87' lang='lat' dir='ltr'><strong>requiri</strong></span> 
     </span>
     <span class='ocr_line' id='line_1_16' title="bbox 173 1181 2156 1240; baseline -0.001 -13"><span class='ocrx_word' id='word_1_157' title='bbox 173 1183 283 1227; x_wconf 85' lang='lat' dir='ltr'><strong>hanc</strong></span> <span class='ocrx_word' id='word_1_158' title='bbox 326 1181 562 1228; x_wconf 82' lang='lat' dir='ltr'><strong>rectissime</strong></span> <span class='ocrx_word' id='word_1_159' title='bbox 609 1181 838 1226; x_wconf 89' lang='lat' dir='ltr'><strong>coniecisse</strong></span> <span class='ocrx_word' id='word_1_160' title='bbox 877 1181 1050 1227; x_wconf 85' lang='lat' dir='ltr'><strong>volunt:</strong></span> <span class='ocrx_word' id='word_1_161' title='bbox 1119 1183 1224 1239; x_wconf 81' lang='lat' dir='ltr'><strong>„qui</strong></span> <span class='ocrx_word' id='word_1_162' title='bbox 1264 1196 1347 1240; x_wconf 85' lang='lat' dir='ltr'><strong>qua</strong></span> <span class='ocrx_word' id='word_1_163' title='bbox 1391 1183 1447 1227; x_wconf 89' lang='lat' dir='ltr'><strong>sit</strong></span> <span class='ocrx_word' id='word_1_164' title='bbox 1491 1184 1536 1226; x_wconf 90' lang='lat' dir='ltr'><strong>in</strong></span> <span class='ocrx_word' id='word_1_165' title='bbox 1581 1183 1888 1239; x_wconf 81' lang='lat' dir='ltr'><strong>rempublicam</strong></span> <span class='ocrx_word' id='word_1_166' title='bbox 1938 1182 2156 1226; x_wconf 85' lang='lat' dir='ltr'><strong>voluntate</strong></span> 
     </span>
     <span class='ocr_line' id='line_1_17' title="bbox 174 1252 2159 1307; baseline 0 -12"><span class='ocrx_word' id='word_1_167' title='bbox 174 1254 219 1295; x_wconf 90' lang='lat' dir='ltr'><strong>et</strong></span> <span class='ocrx_word' id='word_1_168' title='bbox 254 1254 359 1307; x_wconf 88' lang='lat' dir='ltr'><strong>quot</strong></span> <span class='ocrx_word' id='word_1_169' title='bbox 386 1265 592 1307; x_wconf 83' lang='lat' dir='ltr'><strong>quamque</strong></span> <span class='ocrx_word' id='word_1_170' title='bbox 624 1252 833 1294; x_wconf 85' lang='lat' dir='ltr'><strong>atrocium</strong></span> <span class='ocrx_word' id='word_1_171' title='bbox 862 1252 1073 1295; x_wconf 86' lang='lat' dir='ltr'><strong>malorum</strong></span> <span class='ocrx_word' id='word_1_172' title='bbox 1103 1255 1252 1296; x_wconf 81' lang='lat' dir='ltr'><strong>auctor</strong></span> <span class='ocrx_word' id='word_1_173' title='bbox 1285 1254 1513 1305; x_wconf 83' lang='lat' dir='ltr'><strong>exstiterit,</strong></span> <span class='ocrx_word' id='word_1_174' title='bbox 1558 1254 1753 1297; x_wconf 91' lang='lat' dir='ltr'><strong>omnibus</strong></span> <span class='ocrx_word' id='word_1_175' title='bbox 1782 1255 1932 1307; x_wconf 86' lang='lat' dir='ltr'><strong>notum</strong></span> <span class='ocrx_word' id='word_1_176' title='bbox 1961 1255 2027 1296; x_wconf 88' lang='lat' dir='ltr'><strong>est</strong></span> <span class='ocrx_word' id='word_1_177' title='bbox 2053 1252 2159 1295; x_wconf 89' lang='lat' dir='ltr'><strong>civi-</strong></span> 
     </span>
     <span class='ocr_line' id='line_1_18' title="bbox 173 1320 2158 1379; baseline -0.002 -12"><span class='ocrx_word' id='word_1_178' title='bbox 173 1322 276 1367; x_wconf 83' lang='lat' dir='ltr'><strong>bus:</strong></span> <span class='ocrx_word' id='word_1_179' title='bbox 326 1335 455 1378; x_wconf 88' lang='lat' dir='ltr'><strong>quare</strong></span> <span class='ocrx_word' id='word_1_180' title='bbox 474 1321 618 1366; x_wconf 43' lang='lat' dir='ltr'><strong>»nolite</strong></span> <span class='ocrx_word' id='word_1_181' title='bbox 649 1321 688 1365; x_wconf 92' lang='lat' dir='ltr'><strong>ei</strong></span> <span class='ocrx_word' id='word_1_182' title='bbox 715 1320 844 1366; x_wconf 90' lang='lat' dir='ltr'><strong>fidem</strong></span> <span class='ocrx_word' id='word_1_183' title='bbox 873 1321 1051 1367; x_wconf 85' lang='lat' dir='ltr'><strong>habere:</strong></span> <span class='ocrx_word' id='word_1_184' title='bbox 1099 1321 1284 1379; x_wconf 87' lang='lat' dir='ltr'><strong>alioquin</strong></span> <span class='ocrx_word' id='word_1_185' title='bbox 1315 1322 1352 1366; x_wconf 88' lang='lat' dir='ltr'><strong>si</strong></span> <span class='ocrx_word' id='word_1_186' title='bbox 1379 1322 1506 1368; x_wconf 89' lang='lat' dir='ltr'><strong>fidem</strong></span> <span class='ocrx_word' id='word_1_187' title='bbox 1537 1322 1770 1374; x_wconf 86' lang='lat' dir='ltr'><strong>habebitis,</strong></span> <span class='ocrx_word' id='word_1_188' title='bbox 1810 1325 2017 1378; x_wconf 86' lang='lat' dir='ltr'><strong>quantam</strong></span> <span class='ocrx_word' id='word_1_189' title='bbox 2045 1320 2158 1365; x_wconf 86' lang='lat' dir='ltr'><strong>infa-</strong></span> 
     </span>
     <span class='ocr_line' id='line_1_19' title="bbox 172 1390 2157 1449; baseline -0.001 -14"><span class='ocrx_word' id='word_1_190' title='bbox 172 1392 305 1436; x_wconf 87' lang='lat' dir='ltr'><strong>miam</strong></span> <span class='ocrx_word' id='word_1_191' title='bbox 333 1392 546 1436; x_wconf 82' lang='lat' dir='ltr'><strong>subituros</strong></span> <span class='ocrx_word' id='word_1_192' title='bbox 578 1403 669 1435; x_wconf 88' lang='lat' dir='ltr'><strong>esse</strong></span> <span class='ocrx_word' id='word_1_193' title='bbox 696 1403 773 1434; x_wconf 86' lang='lat' dir='ltr'><strong>vos</strong></span> <span class='ocrx_word' id='word_1_194' title='bbox 804 1391 1123 1435; x_wconf 82' lang='lat' dir='ltr'><strong>existimatis‘?“</strong></span> <span class='ocrx_word' id='word_1_195' title='bbox 1172 1392 1233 1434; x_wconf 87' lang='lat' dir='ltr'><strong>At</strong></span> <span class='ocrx_word' id='word_1_196' title='bbox 1263 1405 1490 1449; x_wconf 85' lang='lat' dir='ltr'><strong>qamquam</strong></span> <span class='ocrx_word' id='word_1_197' title='bbox 1519 1401 1604 1436; x_wconf 80' lang='lat' dir='ltr'><strong>&#39;non</strong></span> <span class='ocrx_word' id='word_1_198' title='bbox 1632 1396 1775 1449; x_wconf 84' lang='lat' dir='ltr'><strong>potest</strong></span> <span class='ocrx_word' id='word_1_199' title='bbox 1806 1392 2008 1443; x_wconf 83' lang='lat' dir='ltr'><strong>dubitari,</strong></span> <span class='ocrx_word' id='word_1_200' title='bbox 2054 1390 2157 1445; x_wconf 89' lang='lat' dir='ltr'><strong>quin</strong></span> 
     </span>
     <span class='ocr_line' id='line_1_20' title="bbox 172 1457 2158 1518; baseline -0.001 -16"><span class='ocrx_word' id='word_1_201' title='bbox 172 1461 292 1503; x_wconf 87' lang='lat' dir='ltr'><strong>locus</strong></span> <span class='ocrx_word' id='word_1_202' title='bbox 321 1461 486 1502; x_wconf 85' lang='lat' dir='ltr'><strong>librarii</strong></span> <span class='ocrx_word' id='word_1_203' title='bbox 517 1460 641 1514; x_wconf 84' lang='lat' dir='ltr'><strong>culpa</strong></span> <span class='ocrx_word' id='word_1_204' title='bbox 671 1462 892 1514; x_wconf 88' lang='lat' dir='ltr'><strong>corruptus</strong></span> <span class='ocrx_word' id='word_1_205' title='bbox 924 1461 982 1503; x_wconf 85' lang='lat' dir='ltr'><strong>sit</strong></span> <span class='ocrx_word' id='word_1_206' title='bbox 1011 1457 1245 1514; x_wconf 78' lang='grc' dir='ltr'><strong><em>(διάκειται</em></strong></span> <span class='ocrx_word' id='word_1_207' title='bbox 1278 1461 1408 1505; x_wconf 87' lang='lat' dir='ltr'><strong>etiam</strong></span> <span class='ocrx_word' id='word_1_208' title='bbox 1440 1475 1537 1505; x_wconf 88' lang='lat' dir='ltr'><strong>cum</strong></span> <span class='ocrx_word' id='word_1_209' title='bbox 1558 1461 1776 1518; x_wconf 86' lang='lat' dir='ltr'><strong>Scaligero</strong></span> <span class='ocrx_word' id='word_1_210' title='bbox 1800 1473 1875 1518; x_wconf 90' lang='lat' dir='ltr'><strong>pro</strong></span> <span class='ocrx_word' id='word_1_211' title='bbox 1897 1460 2158 1503; x_wconf 82' lang='grc' dir='ltr'><strong><em>διακεῖσθαι</em></strong></span> 
     </span>
     <span class='ocr_line' id='line_1_21' title="bbox 171 1528 2155 1589; baseline -0.002 -15"><span class='ocrx_word' id='word_1_212' title='bbox 171 1530 440 1574; x_wconf 87' lang='lat' dir='ltr'><strong>scribendum</strong></span> <span class='ocrx_word' id='word_1_213' title='bbox 481 1542 572 1574; x_wconf 88' lang='lat' dir='ltr'><strong>esse</strong></span> <span class='ocrx_word' id='word_1_214' title='bbox 601 1529 731 1573; x_wconf 89' lang='lat' dir='ltr'><strong>evicit</strong></span> <span class='ocrx_word' id='word_1_215' title='bbox 758 1528 977 1573; x_wconf 88' lang='lat' dir='ltr'><strong>Scheibius</strong></span> <span class='ocrx_word' id='word_1_216' title='bbox 1009 1530 1185 1575; x_wconf 87' lang='lat' dir='ltr'><strong>Emend.</strong></span> <span class='ocrx_word' id='word_1_217' title='bbox 1214 1532 1309 1589; x_wconf 85' lang='lat' dir='ltr'><strong>Lys.</strong></span> <span class='ocrx_word' id='word_1_218' title='bbox 1339 1545 1379 1588; x_wconf 90' lang='lat' dir='ltr'><strong>p.</strong></span> <span class='ocrx_word' id='word_1_219' title='bbox 1402 1531 1496 1588; x_wconf 84' lang='lat'>31),</span> <span class='ocrx_word' id='word_1_220' title='bbox 1545 1533 1689 1576; x_wconf 87' lang='lat' dir='ltr'><strong>tamen</strong></span> <span class='ocrx_word' id='word_1_221' title='bbox 1721 1531 1791 1576; x_wconf 85' lang='lat' dir='ltr'><strong>vix</strong></span> <span class='ocrx_word' id='word_1_222' title='bbox 1821 1529 1954 1574; x_wconf 82' lang='lat' dir='ltr'><strong>statui</strong></span> <span class='ocrx_word' id='word_1_223' title='bbox 1982 1539 2155 1572; x_wconf 85' lang='lat' dir='ltr'><strong>necesse</strong></span> 
     </span>
     <span class='ocr_line' id='line_1_22' title="bbox 170 1598 2156 1655; baseline -0.001 -13"><span class='ocrx_word' id='word_1_224' title='bbox 170 1601 259 1652; x_wconf 89' lang='lat' dir='ltr'><strong>est,</strong></span> <span class='ocrx_word' id='word_1_225' title='bbox 312 1601 449 1643; x_wconf 85' lang='lat' dir='ltr'><strong>totam</strong></span> <span class='ocrx_word' id='word_1_226' title='bbox 489 1599 678 1655; x_wconf 85' lang='lat' dir='ltr'><strong>aliquam</strong></span> <span class='ocrx_word' id='word_1_227' title='bbox 714 1598 980 1643; x_wconf 85' lang='lat' dir='ltr'><strong>intercidisse</strong></span> <span class='ocrx_word' id='word_1_228' title='bbox 1019 1601 1357 1654; x_wconf 87' lang='lat' dir='ltr'><strong>enuntationem‚</strong></span> <span class='ocrx_word' id='word_1_229' title='bbox 1404 1603 1524 1645; x_wconf 88' lang='lat' dir='ltr'><strong>cuius</strong></span> <span class='ocrx_word' id='word_1_230' title='bbox 1564 1603 1731 1645; x_wconf 88' lang='lat' dir='ltr'><strong>nullum</strong></span> <span class='ocrx_word' id='word_1_231' title='bbox 1758 1603 1804 1645; x_wconf 91' lang='lat' dir='ltr'><strong>in</strong></span> <span class='ocrx_word' id='word_1_232' title='bbox 1833 1600 2050 1644; x_wconf 86' lang='lat' dir='ltr'><strong>codicibus</strong></span> <span class='ocrx_word' id='word_1_233' title='bbox 2089 1599 2156 1641; x_wconf 88' lang='lat' dir='ltr'><strong>est</strong></span> 
     </span>
     <span class='ocr_line' id='line_1_23' title="bbox 169 1660 2153 1728; baseline -0.001 -17"><span class='ocrx_word' id='word_1_234' title='bbox 169 1668 421 1724; x_wconf 84' lang='lat' dir='ltr'><strong>vestigium,</strong></span> <span class='ocrx_word' id='word_1_235' title='bbox 479 1669 552 1712; x_wconf 87' lang='lat' dir='ltr'><strong>sed</strong></span> <span class='ocrx_word' id='word_1_236' title='bbox 607 1668 962 1724; x_wconf 86' lang='lat' dir='ltr'><strong>quemadmodum</strong></span> <span class='ocrx_word' id='word_1_237' title='bbox 1011 1669 1206 1714; x_wconf 87' lang='lat' dir='ltr'><strong>Reiskius</strong></span> <span class='ocrx_word' id='word_1_238' title='bbox 1262 1671 1391 1716; x_wconf 90' lang='lat' dir='ltr'><strong>scribi</strong></span> <span class='ocrx_word' id='word_1_239' title='bbox 1446 1671 1582 1719; x_wconf 83' lang='lat' dir='ltr'><strong>voluit</strong></span> <span class='ocrx_word' id='word_1_240' title='bbox 1631 1666 2044 1728; x_wconf 78' lang='grc' dir='ltr'><strong><em>παρεσκευασμένος</em></strong></span> <span class='ocrx_word' id='word_1_241' title='bbox 2093 1660 2153 1711; x_wconf 78' lang='grc' dir='ltr'><strong><em>ὃν</em></strong></span> 
     </span>
     <span class='ocr_line' id='line_1_24' title="bbox 168 1731 2154 1800; baseline -0.001 -19"><span class='ocrx_word' id='word_1_242' title='bbox 168 1731 294 1781; x_wconf 76' lang='grc' dir='ltr'><strong><em>ἴστε</em></strong></span> <span class='ocrx_word' id='word_1_243' title='bbox 347 1734 471 1790; x_wconf 81' lang='grc' dir='ltr'><strong><em>ὅπως</em></strong></span> <span class='ocrx_word' id='word_1_244' title='bbox 521 1736 635 1796; x_wconf 82' lang='grc' dir='ltr'><strong><em>πρὸς</em></strong></span> <span class='ocrx_word' id='word_1_245' title='bbox 678 1738 756 1797; x_wconf 82' lang='grc' dir='ltr'><strong><em>τὴν</em></strong></span> <span class='ocrx_word' id='word_1_246' title='bbox 807 1735 942 1784; x_wconf 84' lang='grc' dir='ltr'><strong><em>πόλιν</em></strong></span> <span class='ocrx_word' id='word_1_247' title='bbox 987 1734 1272 1784; x_wconf 78' lang='grc' dir='ltr'><strong><em>διάκειται</em></strong></span> <span class='ocrx_word' id='word_1_248' title='bbox 1310 1766 1370 1773; x_wconf 92' lang='lat'>—</span> <span class='ocrx_word' id='word_1_249' title='bbox 1412 1735 1448 1800; x_wconf 80' lang='grc' dir='ltr'><em>ᾧ</em></span> <span class='ocrx_word' id='word_1_250' title='bbox 1484 1737 1752 1797; x_wconf 80' lang='grc' dir='ltr'><strong><em>πειθόμενοι</em></strong></span> <span class='ocrx_word' id='word_1_251' title='bbox 1793 1741 1905 1793; x_wconf 85' lang='grc' dir='ltr'><strong><em>κτλ.,</em></strong></span> <span class='ocrx_word' id='word_1_252' title='bbox 1960 1741 2024 1782; x_wconf 79' lang='lat' dir='ltr'><strong>ita</strong></span> <span class='ocrx_word' id='word_1_253' title='bbox 2060 1737 2154 1781; x_wconf 85' lang='lat' dir='ltr'><strong>veri</strong></span> 
     </span>
     <span class='ocr_line' id='line_1_25' title="bbox 93 1807 2153 1867; baseline 0 -17"><span class='ocrx_word' id='word_1_254' title='bbox 93 1830 95 1832; x_wconf 95' lang='lat'>·</span> <span class='ocrx_word' id='word_1_255' title='bbox 169 1809 237 1851; x_wconf 86' lang='lat' dir='ltr'><strong>est</strong></span> <span class='ocrx_word' id='word_1_256' title='bbox 279 1807 416 1850; x_wconf 89' lang='lat' dir='ltr'><strong>simile</strong></span> <span class='ocrx_word' id='word_1_257' title='bbox 460 1808 568 1850; x_wconf 85' lang='lat' dir='ltr'><strong>nihil</strong></span> <span class='ocrx_word' id='word_1_258' title='bbox 613 1808 728 1851; x_wconf 84' lang='lat' dir='ltr'><strong>aliud</strong></span> <span class='ocrx_word' id='word_1_259' title='bbox 771 1809 975 1853; x_wconf 85' lang='lat' dir='ltr'><strong>omissum</strong></span> <span class='ocrx_word' id='word_1_260' title='bbox 1020 1823 1133 1860; x_wconf 87' lang='lat' dir='ltr'><strong>esse,</strong></span> <span class='ocrx_word' id='word_1_261' title='bbox 1195 1811 1277 1853; x_wconf 89' lang='lat' dir='ltr'><strong>nisi</strong></span> <span class='ocrx_word' id='word_1_262' title='bbox 1320 1812 1428 1855; x_wconf 91' lang='lat' dir='ltr'><strong>illud</strong></span> <span class='ocrx_word' id='word_1_263' title='bbox 1470 1813 1609 1867; x_wconf 86' lang='lat' dir='ltr'><strong>ipsum</strong></span> <span class='ocrx_word' id='word_1_264' title='bbox 1651 1811 1763 1854; x_wconf 87' lang='lat' dir='ltr'><strong>unde</strong></span> <span class='ocrx_word' id='word_1_265' title='bbox 1800 1822 2004 1866; x_wconf 83' lang='lat' dir='ltr'><strong>suspensa</strong></span> <span class='ocrx_word' id='word_1_266' title='bbox 2038 1809 2153 1852; x_wconf 83' lang='lat' dir='ltr'><strong>esset</strong></span> 
     </span>
     <span class='ocr_line' id='line_1_26' title="bbox 168 1874 2154 1936; baseline 0.001 -16"><span class='ocrx_word' id='word_1_267' title='bbox 168 1889 220 1921; x_wconf 85' lang='lat' dir='ltr'><strong>ea</strong></span> <span class='ocrx_word' id='word_1_268' title='bbox 270 1890 377 1933; x_wconf 88' lang='lat' dir='ltr'><strong>quae</strong></span> <span class='ocrx_word' id='word_1_269' title='bbox 426 1877 478 1921; x_wconf 89' lang='lat' dir='ltr'><strong>ab</strong></span> <span class='ocrx_word' id='word_1_270' title='bbox 526 1874 651 1930; x_wconf 80' lang='grc' dir='ltr'><strong><em>ὅπως</em></strong></span> <span class='ocrx_word' id='word_1_271' title='bbox 692 1876 864 1923; x_wconf 88' lang='lat' dir='ltr'><strong>initium</strong></span> <span class='ocrx_word' id='word_1_272' title='bbox 906 1879 1023 1936; x_wconf 88' lang='lat' dir='ltr'><strong>capit</strong></span> <span class='ocrx_word' id='word_1_273' title='bbox 1065 1881 1310 1927; x_wconf 85' lang='lat' dir='ltr'><strong>enuntiatio.</strong></span> <span class='ocrx_word' id='word_1_274' title='bbox 1385 1880 1508 1936; x_wconf 81' lang='lat' dir='ltr'><strong>Quod</strong></span> <span class='ocrx_word' id='word_1_275' title='bbox 1550 1880 1758 1926; x_wconf 89' lang='lat' dir='ltr'><strong>eiusmodi</strong></span> <span class='ocrx_word' id='word_1_276' title='bbox 1800 1878 1930 1925; x_wconf 84' lang='lat' dir='ltr'><strong>fuisse</strong></span> <span class='ocrx_word' id='word_1_277' title='bbox 1974 1889 2154 1924; x_wconf 90' lang='lat' dir='ltr'><strong>consen-</strong></span> 
     </span>
     <span class='ocr_line' id='line_1_27' title="bbox 166 1947 2153 2009; baseline 0 -19"><span class='ocrx_word' id='word_1_278' title='bbox 166 1947 343 1991; x_wconf 87' lang='lat' dir='ltr'><strong>taneum</strong></span> <span class='ocrx_word' id='word_1_279' title='bbox 382 1948 470 1998; x_wconf 88' lang='lat' dir='ltr'><strong>est,</strong></span> <span class='ocrx_word' id='word_1_280' title='bbox 512 1947 562 1991; x_wconf 91' lang='lat' dir='ltr'><strong>ut</strong></span> <span class='ocrx_word' id='word_1_281' title='bbox 596 1947 872 1993; x_wconf 84' lang='lat' dir='ltr'><strong>similitudine</strong></span> <span class='ocrx_word' id='word_1_282' title='bbox 899 1948 1140 1994; x_wconf 84' lang='lat' dir='ltr'><strong>litterarum</strong></span> <span class='ocrx_word' id='word_1_283' title='bbox 1170 1949 1373 2008; x_wconf 85' lang='lat' dir='ltr'><strong>deceptus</strong></span> <span class='ocrx_word' id='word_1_284' title='bbox 1401 1951 1526 1995; x_wconf 87' lang='lat' dir='ltr'><strong>facile</strong></span> <span class='ocrx_word' id='word_1_285' title='bbox 1555 1951 1775 2009; x_wconf 86' lang='lat' dir='ltr'><strong>negligere</strong></span> <span class='ocrx_word' id='word_1_286' title='bbox 1802 1950 1992 2007; x_wconf 83' lang='lat' dir='ltr'><strong>potuerit</strong></span> <span class='ocrx_word' id='word_1_287' title='bbox 2020 1948 2153 1990; x_wconf 87' lang='lat' dir='ltr'><strong>libra-</strong></span> 
     </span>
     <span class='ocr_line' id='line_1_28' title="bbox 166 2014 2151 2073; baseline 0.001 -13"><span class='ocrx_word' id='word_1_288' title='bbox 166 2017 279 2067; x_wconf 85' lang='lat' dir='ltr'><strong>rius;</strong></span> <span class='ocrx_word' id='word_1_289' title='bbox 322 2017 406 2060; x_wconf 88' lang='lat' dir='ltr'><strong>nisi</strong></span> <span class='ocrx_word' id='word_1_290' title='bbox 441 2017 552 2060; x_wconf 87' lang='lat' dir='ltr'><strong>forte</strong></span> <span class='ocrx_word' id='word_1_291' title='bbox 589 2017 635 2060; x_wconf 91' lang='lat' dir='ltr'><strong>in</strong></span> <span class='ocrx_word' id='word_1_292' title='bbox 675 2015 800 2069; x_wconf 70' lang='grc' dir='ltr'><strong><em>ἱίπως</em></strong></span> <span class='ocrx_word' id='word_1_293' title='bbox 836 2018 952 2063; x_wconf 87' lang='lat' dir='ltr'><strong>aliud</strong></span> <span class='ocrx_word' id='word_1_294' title='bbox 988 2019 1232 2064; x_wconf 88' lang='lat' dir='ltr'><strong>delitescere</strong></span> <span class='ocrx_word' id='word_1_295' title='bbox 1265 2022 1520 2067; x_wconf 83' lang='lat' dir='ltr'><strong>vocabulum</strong></span> <span class='ocrx_word' id='word_1_296' title='bbox 1552 2020 1879 2065; x_wconf 83' lang='lat' dir='ltr'><strong>existimandum</strong></span> <span class='ocrx_word' id='word_1_297' title='bbox 1911 2021 1997 2071; x_wconf 87' lang='lat' dir='ltr'><strong>est,</strong></span> <span class='ocrx_word' id='word_1_298' title='bbox 2037 2014 2151 2073; x_wconf 84' lang='lat' dir='ltr'><strong>quod</strong></span> 
     </span>
     <span class='ocr_line' id='line_1_29' title="bbox 166 2078 2150 2147; baseline 0 -18"><span class='ocrx_word' id='word_1_299' title='bbox 166 2078 326 2141; x_wconf 73' lang='grc' dir='ltr'><strong><em>ὠμῶς</em></strong></span> <span class='ocrx_word' id='word_1_300' title='bbox 366 2086 419 2131; x_wconf 86' lang='lat' dir='ltr'><strong>ab</strong></span> <span class='ocrx_word' id='word_1_301' title='bbox 449 2088 614 2132; x_wconf 87' lang='lat' dir='ltr'><strong>oratore</strong></span> <span class='ocrx_word' id='word_1_302' title='bbox 657 2087 862 2146; x_wconf 87' lang='lat' dir='ltr'><strong>scriptum</strong></span> <span class='ocrx_word' id='word_1_303' title='bbox 901 2101 993 2133; x_wconf 91' lang='lat' dir='ltr'><strong>esse</strong></span> <span class='ocrx_word' id='word_1_304' title='bbox 1023 2088 1106 2134; x_wconf 90' lang='lat' dir='ltr'><strong>fuit</strong></span> <span class='ocrx_word' id='word_1_305' title='bbox 1135 2103 1266 2147; x_wconf 90' lang='lat' dir='ltr'><strong>quum</strong></span> <span class='ocrx_word' id='word_1_306' title='bbox 1293 2091 1556 2136; x_wconf 81' lang='lat' dir='ltr'><strong>conficerem.</strong></span> <span class='ocrx_word' id='word_1_307' title='bbox 1617 2089 1700 2135; x_wconf 88' lang='lat' dir='ltr'><strong>Sed</strong></span> <span class='ocrx_word' id='word_1_308' title='bbox 1730 2103 1860 2147; x_wconf 90' lang='lat' dir='ltr'><strong>quum</strong></span> <span class='ocrx_word' id='word_1_309' title='bbox 1888 2087 2150 2145; x_wconf 80' lang='lat' dir='ltr'><strong>superlativo</strong></span> 
     </span>
     <span class='ocr_line' id='line_1_30' title="bbox 166 2155 2149 2217; baseline 0.001 -19"><span class='ocrx_word' id='word_1_310' title='bbox 166 2155 307 2210; x_wconf 86' lang='lat' dir='ltr'><strong>potius</strong></span> <span class='ocrx_word' id='word_1_311' title='bbox 341 2157 414 2211; x_wconf 89' lang='lat' dir='ltr'><strong>qui</strong></span> <span class='ocrx_word' id='word_1_312' title='bbox 452 2158 629 2200; x_wconf 84' lang='lat' dir='ltr'><strong>vocatur</strong></span> <span class='ocrx_word' id='word_1_313' title='bbox 664 2158 802 2213; x_wconf 84' lang='lat' dir='ltr'><strong>gradu</strong></span> <span class='ocrx_word' id='word_1_314' title='bbox 844 2160 910 2213; x_wconf 90' lang='lat' dir='ltr'><strong>(ut</strong></span> <span class='ocrx_word' id='word_1_315' title='bbox 939 2160 1069 2203; x_wconf 88' lang='lat' dir='ltr'><strong>Isocr.</strong></span> <span class='ocrx_word' id='word_1_316' title='bbox 1097 2161 1229 2216; x_wconf 83' lang='lat' dir='ltr'><strong>Euag.</strong></span> <span class='ocrx_word' id='word_1_317' title='bbox 1261 2163 1300 2216; x_wconf 68' lang='lat' dir='ltr'><strong>g.</strong></span> <span class='ocrx_word' id='word_1_318' title='bbox 1322 2164 1398 2217; x_wconf 88' lang='lat'><strong>48)</strong></span> <span class='ocrx_word' id='word_1_319' title='bbox 1438 2175 1615 2205; x_wconf 90' lang='lat' dir='ltr'><strong>usurum</strong></span> <span class='ocrx_word' id='word_1_320' title='bbox 1647 2164 1692 2206; x_wconf 87' lang='lat' dir='ltr'><strong>et</strong></span> <span class='ocrx_word' id='word_1_321' title='bbox 1729 2162 1773 2204; x_wconf 92' lang='lat' dir='ltr'><strong>id</strong></span> <span class='ocrx_word' id='word_1_322' title='bbox 1810 2159 1923 2217; x_wconf 91' lang='lat' dir='ltr'><strong>quod</strong></span> <span class='ocrx_word' id='word_1_323' title='bbox 1959 2158 2149 2214; x_wconf 83' lang='lat' dir='ltr'><strong>sequitur</strong></span> 
     </span>
     <span class='ocr_line' id='line_1_31' title="bbox 165 2220 2150 2288; baseline 0.001 -20"><span class='ocrx_word' id='word_1_324' title='bbox 165 2221 318 2268; x_wconf 87' lang='grc' dir='ltr'><strong><em>πόσων</em></strong></span> <span class='ocrx_word' id='word_1_325' title='bbox 347 2225 490 2281; x_wconf 88' lang='lat' dir='ltr'><strong>potius</strong></span> <span class='ocrx_word' id='word_1_326' title='bbox 517 2220 673 2269; x_wconf 85' lang='grc' dir='ltr'><strong><em>πόσων</em></strong></span> <span class='ocrx_word' id='word_1_327' title='bbox 699 2226 788 2283; x_wconf 84' lang='lat' dir='ltr'><strong>(vel</strong></span> <span class='ocrx_word' id='word_1_328' title='bbox 817 2225 962 2283; x_wconf 84' lang='grc' dir='ltr'><strong><em>τίνων)</em></strong></span> <span class='ocrx_word' id='word_1_329' title='bbox 992 2222 1053 2272; x_wconf 79' lang='grc' dir='ltr'><strong>οὗ</strong></span> <span class='ocrx_word' id='word_1_330' title='bbox 1066 2244 1092 2272; x_wconf 86' lang='grc' dir='ltr'><strong><em>κ</em></strong></span> <span class='ocrx_word' id='word_1_331' title='bbox 1122 2225 1264 2283; x_wconf 80' lang='grc' dir='ltr'><strong><em>αἴτιος</em></strong></span> <span class='ocrx_word' id='word_1_332' title='bbox 1284 2230 1540 2288; x_wconf 88' lang='lat' dir='ltr'><strong>scripturum</strong></span> <span class='ocrx_word' id='word_1_333' title='bbox 1560 2243 1658 2276; x_wconf 89' lang='lat' dir='ltr'><strong>eum</strong></span> <span class='ocrx_word' id='word_1_334' title='bbox 1680 2230 1811 2275; x_wconf 83' lang='lat' dir='ltr'><strong>fuisse</strong></span> <span class='ocrx_word' id='word_1_335' title='bbox 1831 2227 2150 2285; x_wconf 84' lang='lat' dir='ltr'><strong>intellexissem,</strong></span> 
     </span>
     <span class='ocr_line' id='line_1_32' title="bbox 164 2294 2149 2355; baseline 0.001 -16"><span class='ocrx_word' id='word_1_336' title='bbox 164 2294 328 2340; x_wconf 85' lang='lat' dir='ltr'><strong>factum</strong></span> <span class='ocrx_word' id='word_1_337' title='bbox 363 2296 452 2348; x_wconf 90' lang='lat' dir='ltr'><strong>est,</strong></span> <span class='ocrx_word' id='word_1_338' title='bbox 503 2297 553 2338; x_wconf 86' lang='lat' dir='ltr'><strong>ut</strong></span> <span class='ocrx_word' id='word_1_339' title='bbox 587 2297 738 2352; x_wconf 89' lang='lat' dir='ltr'><strong>postea</strong></span> <span class='ocrx_word' id='word_1_340' title='bbox 775 2296 863 2340; x_wconf 91' lang='lat' dir='ltr'><strong>tale</strong></span> <span class='ocrx_word' id='word_1_341' title='bbox 896 2297 997 2354; x_wconf 89' lang='lat' dir='ltr'><strong>quid</strong></span> <span class='ocrx_word' id='word_1_342' title='bbox 1035 2299 1146 2354; x_wconf 87' lang='lat' dir='ltr'><strong>quod</strong></span> <span class='ocrx_word' id='word_1_343' title='bbox 1186 2300 1391 2355; x_wconf 87' lang='lat' dir='ltr'><strong>scriptum</strong></span> <span class='ocrx_word' id='word_1_344' title='bbox 1430 2303 1524 2343; x_wconf 86' lang='lat' dir='ltr'><strong>erat</strong></span> <span class='ocrx_word' id='word_1_345' title='bbox 1551 2301 1716 2343; x_wconf 85' lang='lat' dir='ltr'><strong>librarii</strong></span> <span class='ocrx_word' id='word_1_346' title='bbox 1745 2301 1871 2355; x_wconf 84' lang='lat' dir='ltr'><strong>eulpa</strong></span> <span class='ocrx_word' id='word_1_347' title='bbox 1899 2301 2149 2353; x_wconf 85' lang='lat' dir='ltr'><strong>corruptum</strong></span> 
     </span>
     <span class='ocr_line' id='line_1_33' title="bbox 165 2359 2148 2423; baseline 0.001 -15"><span class='ocrx_word' id='word_1_348' title='bbox 165 2378 257 2408; x_wconf 83' lang='lat' dir='ltr'><strong>esse</strong></span> <span class='ocrx_word' id='word_1_349' title='bbox 298 2367 557 2420; x_wconf 81' lang='lat' dir='ltr'><strong>suspicarer:</strong></span> <span class='ocrx_word' id='word_1_350' title='bbox 603 2359 653 2416; x_wconf 78' lang='grc' dir='ltr'><strong>ὃς</strong></span> <span class='ocrx_word' id='word_1_351' title='bbox 691 2368 888 2408; x_wconf 82' lang='grc' dir='ltr'><strong><em>σιωπῶ</em></strong></span> <span class='ocrx_word' id='word_1_352' title='bbox 926 2364 1052 2418; x_wconf 83' lang='grc' dir='ltr'><strong><em>ὅπως</em></strong></span> <span class='ocrx_word' id='word_1_353' title='bbox 1092 2392 1144 2398; x_wconf 77' lang='lat'><strong>——</strong></span> <span class='ocrx_word' id='word_1_354' title='bbox 1189 2368 1478 2412; x_wconf 78' lang='grc' dir='ltr'><strong><em>διάκειται</em></strong></span> <span class='ocrx_word' id='word_1_355' title='bbox 1518 2368 1591 2412; x_wconf 80' lang='grc' dir='ltr'><strong>καὶ</strong></span> <span class='ocrx_word' id='word_1_356' title='bbox 1633 2366 1815 2414; x_wconf 80' lang='grc' dir='ltr'><strong><em>ὁπόσων</em></strong></span> <span class='ocrx_word' id='word_1_357' title='bbox 1853 2364 1998 2420; x_wconf 77' lang='grc' dir='ltr'><strong><em>αἴτιος</em></strong></span> <span class='ocrx_word' id='word_1_358' title='bbox 2037 2359 2148 2423; x_wconf 72' lang='grc' dir='ltr'><strong><em>αὐτῇ</em></strong></span> 
     </span>
     <span class='ocr_line' id='line_1_34' title="bbox 164 2431 2146 2498; baseline 0.001 -22"><span class='ocrx_word' id='word_1_359' title='bbox 164 2436 307 2477; x_wconf 80' lang='grc' dir='ltr'><strong><em>κακῶν</em></strong></span> <span class='ocrx_word' id='word_1_360' title='bbox 344 2432 575 2492; x_wconf 74' lang='grc' dir='ltr'><strong><em>γεγένηται.</em></strong></span> <span class='ocrx_word' id='word_1_361' title='bbox 637 2433 759 2489; x_wconf 82' lang='lat' dir='ltr'><strong>Quod</strong></span> <span class='ocrx_word' id='word_1_362' title='bbox 788 2435 979 2493; x_wconf 79' lang='lat' dir='ltr'><strong>sequitm·</strong></span> <span class='ocrx_word' id='word_1_363' title='bbox 1008 2431 1038 2495; x_wconf 79' lang='grc' dir='ltr'>ἢ</span> <span class='ocrx_word' id='word_1_364' title='bbox 1067 2433 1330 2494; x_wconf 74' lang='grc' dir='ltr'><strong><em>πειθόμενοι</em></strong></span> <span class='ocrx_word' id='word_1_365' title='bbox 1358 2440 1459 2491; x_wconf 81' lang='grc' dir='ltr'><strong>πῶς</strong></span> <span class='ocrx_word' id='word_1_366' title='bbox 1486 2435 1537 2482; x_wconf 69' lang='grc' dir='ltr'><strong><em>ὃν</em></strong></span> <span class='ocrx_word' id='word_1_367' title='bbox 1567 2435 1721 2483; x_wconf 80' lang='grc' dir='ltr'><strong><em>οἴεσθε</em></strong></span> <span class='ocrx_word' id='word_1_368' title='bbox 1750 2438 2046 2498; x_wconf 72' lang='grc' dir='ltr'><strong><em>διαβληθῆναι</em></strong></span> <span class='ocrx_word' id='word_1_369' title='bbox 2059 2470 2070 2489; x_wconf 93' lang='grc'>,</span> <span class='ocrx_word' id='word_1_370' title='bbox 2101 2435 2146 2478; x_wconf 90' lang='lat' dir='ltr'><strong>id</strong></span> 
     </span>
     <span class='ocr_line' id='line_1_35' title="bbox 162 2503 2144 2566; baseline 0.005 -20"><span class='ocrx_word' id='word_1_371' title='bbox 162 2503 258 2546; x_wconf 89' lang='lat' dir='ltr'><strong>tum</strong></span> <span class='ocrx_word' id='word_1_372' title='bbox 287 2505 524 2548; x_wconf 85' lang='lat' dir='ltr'><strong>rectissime</strong></span> <span class='ocrx_word' id='word_1_373' title='bbox 554 2505 711 2549; x_wconf 87' lang='lat' dir='ltr'><strong>habere</strong></span> <span class='ocrx_word' id='word_1_374' title='bbox 743 2506 923 2550; x_wconf 87' lang='lat' dir='ltr'><strong>videtur.</strong></span> <span class='ocrx_word' id='word_1_375' title='bbox 982 2507 1096 2550; x_wconf 83' lang='lat' dir='ltr'><strong>Nam</strong></span> <span class='ocrx_word' id='word_1_376' title='bbox 1126 2509 1269 2551; x_wconf 85' lang='lat' dir='ltr'><strong>orator</strong></span> <span class='ocrx_word' id='word_1_377' title='bbox 1298 2509 1580 2562; x_wconf 85' lang='lat' dir='ltr'><strong>incommoda,</strong></span> <span class='ocrx_word' id='word_1_378' title='bbox 1613 2523 1719 2566; x_wconf 86' lang='lat' dir='ltr'><strong>quae</strong></span> <span class='ocrx_word' id='word_1_379' title='bbox 1739 2512 1938 2555; x_wconf 82' lang='lat' dir='ltr'><strong>Euandro</strong></span> <span class='ocrx_word' id='word_1_380' title='bbox 1969 2513 2013 2554; x_wconf 92' lang='lat' dir='ltr'><strong>in</strong></span> <span class='ocrx_word' id='word_1_381' title='bbox 2043 2524 2144 2555; x_wconf 84' lang='lat' dir='ltr'><strong>exa-</strong></span> 
     </span>
     <span class='ocr_line' id='line_1_36' title="bbox 162 2571 2142 2637; baseline 0.006 -23"><span class='ocrx_word' id='word_1_382' title='bbox 162 2571 275 2615; x_wconf 88' lang='lat' dir='ltr'><strong>mine</strong></span> <span class='ocrx_word' id='word_1_383' title='bbox 314 2573 367 2616; x_wconf 88' lang='lat' dir='ltr'><strong>ab</strong></span> <span class='ocrx_word' id='word_1_384' title='bbox 405 2577 556 2619; x_wconf 87' lang='lat' dir='ltr'><strong>senatu</strong></span> <span class='ocrx_word' id='word_1_385' title='bbox 592 2576 771 2632; x_wconf 85' lang='lat' dir='ltr'><strong>probato</strong></span> <span class='ocrx_word' id='word_1_386' title='bbox 804 2576 858 2621; x_wconf 88' lang='lat' dir='ltr'><strong>ad</strong></span> <span class='ocrx_word' id='word_1_387' title='bbox 886 2578 1193 2634; x_wconf 85' lang='lat' dir='ltr'><strong>rempublicam</strong></span> <span class='ocrx_word' id='word_1_388' title='bbox 1219 2577 1508 2623; x_wconf 85' lang='lat' dir='ltr'><strong>redundatura</strong></span> <span class='ocrx_word' id='word_1_389' title='bbox 1545 2581 1654 2633; x_wconf 85' lang='lat' dir='ltr'><strong>sint,</strong></span> <span class='ocrx_word' id='word_1_390' title='bbox 1693 2580 1862 2637; x_wconf 86' lang='lat' dir='ltr'><strong>longius</strong></span> <span class='ocrx_word' id='word_1_391' title='bbox 1892 2581 2142 2636; x_wconf 87' lang='lat' dir='ltr'><strong>persecutus</strong></span> 
     </span>
    </p>
   </div>
  </div>
 </body>
</html>
